3175 5025
719 379 789 474 ..432
813 467 816 474 .

737 583 794 626 218,

416 661 447 722 ὅς
463 683 492 716 κε
509 663 577 724 θεοῖς
595 663 759 737 ἐπιπιίθηται,
778 665 846 736 μάλα
864 669 887 718 τ’
906 666 993 719 ἔκλαον
1012 666 1099 720 αὐτοῦ.

214 751 412 827 disputans:

490 851 554 902 ll'lo
571 850 673 900 snbduea
689 852 728 902 lu'a
745 851 830 918 enrtly
845 861 906 917 part
915 853 965 916 sor
982 853 1084 906 leniuit.

417 933 522 984 Ileosca
540 944 564 982 to
581 935 619 982 lia
635 953 744 1000 pruyera
761 935 863 985 sttbdaea
880 935 918 984 lia
935 937 1003 986 wiell.

214 1031 309 1097 Ilaec
328 1027 508 1117 Chapmani
524 1030 624 1096 verba
638 1032 773 1117 magise
794 1031 909 1098 libris
932 1035 1053 1099 sacris
1075 1056 1169 1118 quain
1192 1055 1231 1098 ex
1245 1033 1317 1097 llo-

217 1152 309 1196 mero
331 1131 500 1217 desumpta
520 1153 590 1196 esse
611 1132 770 1196 videntur.
814 1131 898 1197 Nam
918 1134 1061 1218 profecto
1089 1133 1116 1197 si
1137 1132 1317 1196 Homerum

214 1231 311 1295 talem
332 1231 521 1296 senteutiam
542 1231 681 1296 edidisse
703 1231 851 1317 putabis,
880 1255 952 1296 eum
975 1233 1137 1297 meliorem
1161 1231 1317 1297 Christia-

213 1354 295 1396 num
312 1331 411 1394 fuisse
427 1330 555 1394 infitiari
575 1353 640 1396 non
654 1331 775 1416 poteris
797 1330 968 1418 Spinoza
987 1331 1188 1417 philosophe,
1200 1332 1318 1417 quippe

215 1429 274 1514 qui
310 1429 390 1494 haee
424 1430 575 1494 edixerit:
613 1427 709 1510 „Qui
744 1431 869 1496 Deum
905 1445 1025 1508 amat,
1062 1431 1204 1496 conari
1239 1454 1318 1496 non

212 1539 367 1616 potest,
388 1539 429 1594 ut
447 1529 558 1594 Deus
579 1529 703 1614 ipsum
726 1539 866 1594 eontra
886 1543 1016 1594 amet.“

701 1649 841 1694 asa-228.

420 1735 556 1806 οἰνοβαρές.
575 1734 655 1792 κυνὸς
673 1732 766 1804 ὄμματ’
785 1734 861 1806 ἔχων,
879 1734 980 1807 κραδίην
998 1735 1020 1788 θ’
1039 1735 1149 1806 ἐλάφοιο,

417 1827 475 1880 οὔτι
492 1830 549 1879 ποτ’
568 1827 593 1883 ἐς
611 1825 722 1894 πόλεμον
739 1822 791 1894 ἅμα
808 1825 862 1896 λαῷ
881 1823 1046 1898 θωρηχθῆναι

417 1916 476 1972 οὔτε
493 1917 596 1988 λα’χανθ’
615 1916 676 1969 ἰέναι
694 1915 740 1969 σὺν
757 1916 913 1988 &patrissant
929 1913 1034 1990 Ἀχαιῶν

415 2009 537 2081 τέτληκας
554 2007 647 2081 θυμῷ·
664 2006 693 2062 τὸ
713 2009 739 2061 δέ
756 2027 794 2061 τοι
811 2007 859 2080 κὴρ
877 2009 967 2062 εἴδεται
984 2009 1045 2061 εἶναι

215 2120 250 2186 Α
272 2122 436 2198 θὴν-ιω
458 2118 492 2182 hi
513 2139 625 2181 versus
647 2115 746 2179 multo
762 2115 891 2190 acutius
910 2126 942 2179 et
961 2115 1067 2179 verius
1086 2115 1229 2179 translati
1244 2129 1319 2180 sunt

219 2241 317 2303 quam
339 2217 379 2283 ab
402 2218 447 2282 eis
469 2217 578 2302 quiin
598 2216 751 2282 vertendo
773 2215 919 2281 Homero
942 2239 1015 2280 eum
1036 2215 1135 2280 secuti
1157 2227 1245 2281 sunt:
1329 2243 1332 2248 ·

752 2333 821 2382 Ἤιοιι
839 2351 896 2384 over
912 2333 1007 2399 atsep’d
1023 2334 1047 2383 in
1065 2333 1135 2392 suine,

318 2419 479 2483 Doy'sjiace,
497 2416 554 2466 uita
570 2417 642 2466 deort
658 2418 697 2466 bat
714 2416 744 2480 os
757 2433 774 2464 a
791 2415 856 2477 dart,
875 2417 926 2466 that
944 2435 988 2466 sior
1006 2417 1030 2466 in
1048 2417 1080 2466 θ’
1098 2435 1160 2482 open
1178 2435 1220 2483 eye

320 2501 429 2567 Offiylt
444 2500 524 2552 ‹lar'st
541 2501 618 2551 timeat
634 2500 683 2550 iulo
701 2519 718 2551 a
732 2518 824 2566 prease
835 2501 864 2566 ¹),
882 2520 927 2551 nor
944 2501 1000 2551 wirla
1018 2520 1062 2551 our
1079 2501 1170 2552 nolles!
1187 2501 1219 2551 lie

317 2586 350 2635 Ia
367 2596 445 2635 secret
462 2585 577 2635 ambicula!
605 2584 682 2635 'Ileae
699 2585 779 2634 werlu
797 2602 859 2655 aesta
877 2594 916 2634 too
924 2584 979 2649 soll
996 2586 1026 2649 os
1037 2585 1110 2635 deatlt
1117 2586 1167 2649 sor
1184 2585 1242 2635 tltee.

222 2689 328 2767 Peplss
349 2684 409 2749 sie:

418 2786 577 2838 Onaouster!
592 2784 670 2835 mix'd
687 2784 717 2848 os
729 2783 849 2835 iasoleace
867 2782 918 2833 ulad
928 2784 997 2845 sear,

424 2871 492 2920 Han
510 2869 555 2935 eloy
574 2869 598 2919 ia
607 2866 743 2932 forsteal,
762 2869 802 2916 bat
818 2867 844 2917 ia
861 2867 932 2916 beart
949 2884 967 2916 a
983 2865 1060 2916 cleer!

422 2958 498 3009 Wlea
515 2965 576 3005 wart
592 2956 648 3005 tlon
664 2956 750 3006 lcaowa
768 2954 794 3004 ia
812 2950 938 3004 ambrest’d
946 2951 1024 3017 fiqlts
1042 2960 1066 3000 to
1083 2950 1153 3009 dare,

418 3040 454 3092 Or
470 3040 540 3107 aolly
548 3041 613 3103 sace
631 3040 669 3089 tlte
686 3038 772 3088 lorrid
781 3042 857 3102 jrant
875 3037 905 3100 of
916 3041 988 3086 war?

418 3124 457 3173 ‘T
469 3124 491 3173 is
509 3141 573 3183 aurs,
592 3123 629 3172 tlte
647 3123 738 3172 clance
756 3121 896 3187 affinitiay
906 3120 984 3184 fielda
1001 3130 1025 3170 to
1043 3129 1089 3185 try,

422 3206 499 3256 ilinc
516 3216 540 3256 to
558 3206 613 3256 look
631 3223 668 3265 on,
688 3203 739 3253 ancl
755 3203 797 3251 bid
813 3203 851 3252 tlte
869 3201 965 3252 valiant
981 3202 1028 3252 die,

218 3304 412 3391 Quicunque
433 3307 519 3372 dieta
539 3306 593 3370 illa
615 3303 808 3391 Chapmaui:
831 3305 935 3390 „doy'a
947 3305 1060 3390 faae,“
1081 3304 1193 3383 „lteart
1213 3305 1264 3367 bat
1284 3307 1321 3391 os

218 3433 239 3472 a
261 3408 352 3471 taff
373 3400 445 3471 dum
467 3405 614 3491 turpibus
626 3405 722 3491 Popii
744 3403 891 3470 vocibus:
912 3406 993 3489 „deq
1014 3406 1047 3468 in
1059 3404 1242 3491 sorelzeod,“
1263 3408 1318 3483 „ia

218 3508 306 3572 laeart
324 3530 345 3569 a
366 3508 456 3570 deest
471 3505 651 3582 contulerit,
677 3504 767 3569 illum
787 3504 863 3569 huic
883 3505 1044 3590 praeferre
1065 3525 1129 3567 non
1151 3502 1321 3570 dubitabit.

216 3606 285 3673 Sed
316 3612 467 3687 conserus
500 3629 564 3690 qua
590 3619 659 3672 erat
690 3605 788 3672 animi
821 3604 1048 3688 tranquillitate
1082 3626 1119 3669 aa
1150 3603 1266 3689 pietate
1301 3627 1320 3668 a

216 3730 252 3773 se
273 3706 444 3795 impetrare
465 3731 530 3773 non
551 3708 671 3807 potuit,
701 3719 738 3773 ut
758 3705 931 3771 illiusmodi
953 3704 1097 3770 convicia
1118 3706 1159 3769 ad
1180 3704 1315 3769 verbum

217 3808 383 3873 redderet:

419 3908 456 3960 Ol
474 3908 583 3974 elarqed
599 3907 656 3958 wita
674 3907 964 3972 wiae‚instedji1staeas
982 3906 1081 3969 offoca

418 3994 477 4059 Doq
493 3991 643 4054 aaabasled‚
662 3990 713 4043 atad
725 3999 768 4056 yet
785 4000 812 4041 at
828 3990 899 4040 leart
916 4006 933 4038 a
950 3987 1027 4037 deur!

289 4183 317 4250 l)
331 4201 461 4250 prenae,
478 4188 495 4237 i.
516 4202 537 4238 e.
553 4205 633 4254 presa.
