3175 5025
466 584 489 604 .‚.
509 586 514 598 .
533 586 538 597 .
557 550 603 597 this
621 548 675 614 lonq
690 566 761 614 poem
779 548 838 597 eal-r
856 548 901 596 llis
919 546 996 611 lenptlr
1015 548 1045 611 qs
1057 552 1150 596 rnrrrst‘

264 648 329 714 Sed
361 648 456 711 ctiam
488 648 521 711 in
554 646 703 732 Odyssea
734 669 928 731 quamquam
962 646 1023 709 ulio
1062 658 1162 710 metro
1196 670 1272 711 usus
1308 660 1371 719 est,

271 751 379 814 l'ervor
401 748 451 811 ille
473 747 547 812 huic
568 759 680 833 poetae
702 746 853 833 proprius
879 768 942 810 non
967 746 1176 810 desideratur.
1220 745 1296 827 Quo
1318 771 1376 813 oe-

273 850 399 912 rasione
421 850 496 912 duta
517 849 669 913 hocloco
690 849 777 913 haud
799 850 903 934 inepte
929 871 980 913 mc
1002 849 1169 913 allaturum
1191 871 1260 912 esse
1281 862 1376 934 puto,

265 950 352 1033 quod
376 948 531 1034 Singerus
554 950 584 1013 in
607 950 762 1034 eis,quac
785 962 857 1013 ante
881 949 1059 1034 Clrcprnuni
1081 950 1225 1034 ,Hymos
1247 949 1285 1035 os
1300 949 1374 1013 Ho-

264 1054 350 1113 mer“
373 1071 392 1111 u
421 1071 454 1113 se
484 1048 569 1112 edita
595 1051 756 1135 praelatus
783 1062 845 1126 est,
874 1050 914 1112 de
941 1049 1062 1113 ratione
1084 1072 1104 1112 a
1126 1046 1315 1134 Clrnpmuno
1339 1049 1373 1114 in

266 1148 413 1213 versibus
444 1151 671 1234 componendis
697 1151 840 1216 adhibita
867 1153 1001 1218 iudicat:
1035 1153 1125 1232 ,Ouo
1151 1153 1188 1239 of
1208 1153 1255 1217 tlte
1276 1176 1374 1239 pecu-

266 1248 392 1313 liarities
420 1250 456 1335 of
480 1249 665 1336 Cdopmon‘s
693 1254 893 1341 versification
920 1255 947 1317 is
976 1253 1023 1318 tlte
1050 1253 1229 1336 interloct’np
1257 1254 1296 1338 qf
1325 1254 1376 1318 tlte

265 1371 381 1425 verses,
409 1373 445 1412 or
465 1348 512 1412 tlte
532 1352 668 1436 running]
688 1352 787 1438 ostlae
811 1351 886 1416 lines
908 1376 963 1417 one
984 1355 1045 1416 into
1069 1354 1115 1417 tlte
1135 1353 1228 1427 other,
1253 1374 1286 1416 so
1308 1352 1376 1416 that

266 1448 313 1512 de
342 1471 424 1513 sense
452 1451 522 1512 cloes
552 1460 604 1513 not
630 1450 707 1513 close
733 1450 805 1514 with
833 1451 880 1514 tle
909 1451 1024 1538 couplet
1030 1475 1042 1526 ‚·
1078 1452 1136 1514 titis
1163 1452 1190 1515 is
1224 1451 1304 1515 solvat
1325 1452 1375 1516 tlte

264 1550 384 1613 Francis
406 1550 506 1612 critica
527 1550 620 1635 object
638 1561 666 1612 to
693 1552 790 1613 render
819 1551 865 1614 tlte
893 1574 981 1614 name
1008 1551 1044 1637 (ff
1060 1551 1376 1636 „Il'njotudement

265 1652 328 1713 des
349 1654 464 1725 cers,“
485 1650 548 1712 utzd
570 1651 597 1713 is
617 1649 697 1712 solvat
716 1652 805 1713 enode
819 1652 890 1714 Ben
903 1651 1025 1714 Jonson
1044 1675 1108 1737 aoy,
1131 1651 1195 1714 that
1209 1651 1256 1715 tlte
1269 1662 1375 1716 trans·

268 1750 377 1813 latino
399 1749 569 1833 ofHomer
589 1750 652 1811 and
681 1748 781 1834 Vtrpit
808 1751 841 1813 in
869 1750 939 1835 long}
959 1750 1186 1815 Alerundtdnes
1216 1773 1294 1815 tuere
1322 1753 1376 1815 but

261 1873 364 1937 prose.
406 1850 468 1913 'l’lre
484 1851 628 1935 practice,
652 1850 794 1926 deicerer,
815 1850 900 1914 oden
921 1862 973 1914 not
993 1851 1207 1938 injudiciouslp
1228 1853 1378 1914 arcessire

273 1952 307 2013 in
329 1953 367 2013 its
388 1974 450 2028 rese,
472 1953 555 2036 pices
568 1952 709 2038 sreedom
730 1954 793 2016 aad
807 1954 896 2039 spirit
911 1963 938 2015 to
955 1952 1025 2037 long]
1046 1953 1270 2038 responsione,
1287 1950 1379 2014 wlrilr

268 2051 314 2116 tlte
335 2052 418 2114 sidu
437 2053 614 2116 observasse
636 2052 672 2138 os
688 2054 839 2140 confininp
858 2052 905 2114 tlte
926 2075 1009 2116 sense
1024 2064 1051 2115 to
1067 2053 1224 2115 terminate
1238 2050 1313 2114 wille
1328 2052 1378 2117 tlte

270 2150 387 2236 couplet
410 2153 493 2236 piosa
520 2177 540 2216 u
566 2155 627 2239 stip'
655 2155 719 2216 aad
738 2152 856 2235 formul
878 2154 938 2228 uir,
971 2155 1036 2216 aad
1065 2152 1166 2216 stokes
1193 2173 1249 2214 one
1269 2150 1379 2213 rather

271 2261 397 2313 coemto
420 2251 455 2313 be
475 2253 603 2335 reading}
626 2275 646 2315 u
667 2253 764 2336 strinp
784 2252 999 2337 ‹p'epiproma
1022 2253 1095 2314 then
1116 2274 1136 2314 a
1151 2241 1276 2338 poem!

352 2354 456 2433 l’eplrs
478 2350 657 2414 versionem
680 2373 771 2413 suam
799 2351 978 2435 composuit
998 2372 1038 2413 ex
1059 2349 1206 2414 versibus
1226 2345 1378 2411 iambicis

269 2449 409 2534 quinque
432 2473 471 2515 ex
493 2449 628 2536 pedibus
651 2448 880 2528 constantibus,
903 2472 1021 2534 cosque
1042 2450 1111 2536 lege
1125 2450 1179 2514 illa
1193 2467 1288 2531 quam
1312 2468 1377 2508 nos

267 2552 400 2627 ,Icum
422 2551 558 2616 dicimus
581 2551 735 2615 astrinxit.
780 2549 878 2631 Quod
893 2551 955 2614 iam
972 2573 1069 2637 supra
1089 2556 1373 2615 commemoratum

268 2664 327 2729 est,
350 2653 481 2715 multam
504 2671 634 2738 operum
661 2663 693 2715 et
718 2673 827 2714 euram
855 2650 994 2735 Popium
1019 2651 1053 2714 in
1082 2651 1217 2715 formam
1237 2666 1375 2731 operum

273 2771 404 2812 suorum
426 2749 630 2834 impendisse,
653 2749 688 2814 id
703 2750 798 2815 etiam
813 2750 898 2815 eadit
912 2750 943 2813 in
959 2751 1137 2814 versionem
1152 2745 1378 2821 Homericam,

268 2849 301 2911 in
324 2870 387 2931 qua
409 2848 525 2933 singuli
547 2870 659 2912 versus
681 2870 798 2934 magno
819 2849 922 2912 nitore
943 2860 975 2912 et
988 2849 1129 2912 numeris
1144 2847 1235 2912 dulce
1258 2866 1380 2911 sonan·

220 2952 224 2961 '
271 2946 356 3011 tibus
387 2948 563 3033 splendent.
613 2945 679 3011 Sed
710 2947 845 3011 facilitas
877 2948 945 3011 eius
978 2969 1042 3031 qua
1074 2947 1192 3011 similes
1222 2967 1380 3011 versuum

270 3048 374 3112 exitus
396 3048 509 3124 effecit,
530 3047 681 3111 lectorem
709 3047 843 3132 fatigare
877 3048 966 3123 solet,
999 3047 1087 3130 quod
1119 3058 1248 3132 poetam
1268 3046 1381 3133 ipsum

270 3169 334 3211 non
357 3147 478 3232 fugisse
501 3146 638 3222 videtur,
662 3169 736 3210 narn
758 3147 845 3230 quod
873 3146 1057 3232 saepissime
1072 3148 1200 3211 tertium
1215 3168 1381 3231 quemque

269 3269 398 3312 versum
421 3246 514 3311 simili
536 3246 623 3310 exitu
644 3258 871 3310 consonantem
897 3246 1118 3321 conformavit,
1147 3244 1181 3308 id
1207 3267 1245 3309 eo
1269 3246 1381 3311 animo

269 3370 341 3411 eum
362 3347 474 3412 fecisse
495 3358 585 3431 puto,
613 3356 649 3409 ut
674 3345 761 3409 illam
783 3346 948 3410 molestam
970 3344 1207 3409 similitudinem
1229 3346 1382 3411 evitaret.

271 3446 483 3531 Praeceptum
504 3443 673 3520 Boileauii,

438 3615 509 3674 „Quo
527 3617 634 3678 toujours
651 3612 715 3663 dans
733 3630 777 3663 vos
795 3630 851 3663 cers
869 3613 890 3663 lc
901 3632 962 3683 [sens
979 3623 1085 3678 coupum
1102 3613 1136 3662 les
1154 3623 1215 3663 tuots

439 3697 566 3764 Suspeude
584 3696 747 3755 t’hemiuicle,
761 3713 789 3745 cu
808 3713 910 3761 sacerque
927 3696 950 3745 le
967 3702 1065 3761 repos,“

271 3852 441 3937 diligenter
462 3859 590 3912 secutus
611 3845 645 3909 id
666 3845 732 3909 fere
754 3845 846 3908 anxie
868 3845 969 3908 vitare
992 3844 1106 3922 studet,
1123 3847 1211 3929 quod
1222 3851 1388 3939 „Bajam.

271 3955 384 4017 lement
405 3951 456 4014 des
477 3951 565 4012 uers“
588 3955 713 4009 vocant.
747 3943 857 4026 Atque
880 3941 1010 4006 omnino
1030 3964 1095 4007 uno
1111 3944 1212 4011 verbo
1227 3949 1269 4013 de
1284 3951 1388 4040 Popii

271 4052 417 4117 versione
432 4047 608 4113 Homerica
630 4045 675 4109 sio
696 4043 832 4108 iudicari
853 4054 969 4129 potest,
991 4054 1028 4106 ut
1042 4043 1206 4111 Homerus
1229 4050 1286 4115 illo
1310 4077 1390 4121 ves·
1444 4046 1450 4097 ’-

272 4154 402 4218 timcnto
424 4151 572 4225 indutus,
603 4166 668 4230 quo
700 4144 824 4229 Popius
846 4167 919 4208 eum
940 4143 1093 4221 involvit,
1114 4158 1210 4230 poeta
1230 4151 1390 4224 videatur
