3175 5025
748 444 761 448 ,,
793 358 848 448 21.

245 582 314 623 esse
337 559 457 622 aulicus
478 557 638 621 Ludoviei
659 556 742 623 xlv
765 556 798 619 in
826 557 922 620 l'alsae
950 556 1027 619 artis
1053 555 1230 640 praeceptis
1257 579 1347 617 exer·

245 659 373 720 citatus.

330 762 484 840 donperre
505 779 584 820 usus
612 766 661 819 est
688 779 782 820 versu
815 755 1017 838 exquirique
1048 754 1163 818 iambis
1185 767 1348 818 constante

246 855 304 917 sed
322 856 367 920 ita
387 870 570 942 comparato
585 870 620 922 ut
635 858 752 923 similes
767 881 918 922 versuum
933 856 1035 921 exitus
1051 856 1236 931 vitarentur,
1260 852 1346 936 quod

247 976 397 1019 versuum
417 979 519 1042 genus
533 957 680 1022 Britanni
709 959 962 1038 ,‚blonk-cerse“
997 969 1122 1020 vocant.
1167 955 1345 1039 Cowperus

247 1056 280 1117 in
301 1055 382 1120 libro
406 1079 500 1140 quem
520 1058 659 1143 primum
685 1058 719 1121 in
740 1058 844 1121 lucem
872 1056 986 1132 edidit,
1019 1056 1175 1119 rationem
1196 1076 1292 1137 ‹punm
1315 1051 1346 1114 in

247 1153 391 1219 versibus
413 1157 587 1221 condendis
608 1157 824 1222 abhibendam
846 1178 916 1219 esse
937 1167 1095 1231 censeret,
1122 1178 1194 1218 eum
1222 1153 1362 1216 lecturi·

247 1254 306 1319 bus
327 1258 625 1322 communicaverat.
671 1256 745 1337 Quo
774 1258 808 1320 in
839 1255 922 1319 libro
952 1255 1007 1319 ubi
1040 1279 1113 1319 cum
1135 1265 1296 1319 contemtu
1318 1268 1347 1315 et

243 1356 370 1420 fastidio
392 1357 425 1420 in
447 1380 560 1422 versus
582 1357 635 1421 illo
659 1369 802 1441 tempore
828 1354 963 1418 adhibiti
983 1379 1123 1441 „marrey
1144 1354 1347 1419 errtootlenese“

245 1455 413 1542 increpuit,
434 1457 606 1521 exclamat:

413 1592 497 1653 „Gioc
515 1610 551 1642 rue
568 1592 606 1642 tlte
624 1592 672 1641 line
689 1593 741 1641 ttae
755 1593 860 1659 plouplre
877 1594 907 1643 ite
924 1593 1013 1660 stotely
1030 1610 1114 1643 course

413 1676 477 1724 Lt'le
496 1692 512 1724 a
529 1674 610 1740 proed
624 1692 693 1725 swan
711 1675 858 1741 conqueriap
872 1676 909 1725 tlte
926 1686 1015 1726 stream
1034 1678 1064 1740 ty
1074 1677 1165 1741 soree,-

420 1757 491 1816 ttae,
510 1757 558 1807 tit-e
575 1776 639 1807 conte
657 1767 750 1823 cottape
768 1760 862 1825 beoety,
881 1760 968 1810 ctriles
986 1760 1023 1809 tle
1040 1759 1120 1816 lteart,

416 1840 486 1897 Quae
503 1840 646 1890 eent'udeb.‘ed
661 1851 685 1890 to
702 1842 740 1891 tlte
758 1842 833 1891 tricle
851 1844 883 1907 os
895 1848 959 1891 art.‘⁴

246 1954 428 2019 Candidam
461 1979 499 2019 ac
529 1958 703 2044 simplicem
734 1959 861 2024 dicendi
893 1960 1048 2024 rationem
1081 1981 1145 2044 qua
1167 1957 1345 2043 Conperus

246 2079 358 2120 versus
386 2058 581 2141 composuit,
617 2060 757 2123 sermoni
782 2060 958 2125 Homerico
987 2060 1079 2124 valde
1108 2059 1346 2124 convenientem

245 2179 314 2220 csse
335 2166 423 2242 pute.
464 2155 529 2224 Sed
551 2158 724 2223 dolendum
746 2170 805 2237 est,
827 2160 913 2243 quod
937 2156 1114 2246 Cowperus
1136 2159 1239 2244 legem
1260 2158 1347 2222 illam

246 2258 424 2321 seeundum
446 2279 542 2341 quam
565 2258 667 2322 exitus
682 2275 834 2323 versuum
849 2271 1069 2336 consonarent,
1083 2281 1217 2345 prorsus
1239 2281 1348 2343 asper-

244 2366 336 2421 natus
368 2369 426 2421 est.
472 2356 760 2436 „Blaezle-uerse,“
791 2358 869 2422 dicit
895 2358 1023 2423 criticus
1056 2359 1187 2441 quidam
1218 2358 1348 2421 Britan-

245 2481 318 2536 nus,
340 2481 455 2538 ,eeems
477 2470 504 2524 to
526 2461 561 2524 de
603 2482 685 2525 terre
717 2459 786 2546 only
812 2471 840 2525 to
862 2460 909 2524 tlte
935 2464 1017 2545 eye.“
1058 2459 1155 2523 l'oesi
1188 2456 1348 2544 Cowperi

246 2584 320 2624 cum
343 2560 428 2623 omni
450 2573 638 2624 ornamento
662 2571 694 2623 et
714 2559 834 2646 ingenii
855 2560 981 2625 luxuria
1006 2582 1139 2646 prorsus
1160 2558 1349 2635 ca1·eat,illa

243 2659 313 2743 lege
333 2659 426 2742 quasi
447 2659 594 2725 fulciente
616 2661 756 2744 quodam
787 2662 994 2725 fundamento
1021 2683 1103 2746 opus
1135 2672 1192 2723 est.
1235 2660 1347 2743 Neque

243 2758 338 2820 etiam
361 2758 423 2820 alia
444 2781 479 2821 re
500 2760 562 2824 nisi
583 2779 644 2824 usu
669 2761 752 2825 illius
780 2761 1033 2839 „blank-ceree“
1066 2762 1102 2824 fit
1131 2771 1165 2823 ut
1196 2758 1345 2844 Cowpen'

245 2855 350 2918 versio
366 2878 459 2940 saepe
474 2856 582 2922 lectori
597 2859 692 2924 nimis
707 2860 747 2923 ad
763 2858 928 2944 vulgarem
943 2858 1068 2923 dicendi
1083 2859 1345 2924 consuetudinem

243 2955 443 3019 conformata
464 2978 533 3022 esse
558 2959 713 3023 videntur.

328 3056 501 3140 Reliquum
532 3071 582 3123 est
612 3070 649 3124 ut
677 3060 720 3125 de
751 3065 868 3128 dleendl
900 3085 1010 3145 genere
1041 3062 1249 3148 interpretum
1281 3063 1348 3127 dis-

241 3168 377 3220 seratur.

326 3257 509 3324 Observato
532 3259 644 3324 ordine
666 3263 818 3347 temporis
839 3262 979 3348 primum
1000 3265 1039 3327 de
1061 3268 1223 3346 disparare
1246 3261 1345 3326 verba

241 3359 369 3424 l'aciam.
427 3357 494 3439 Qui
539 3359 656 3442 quibus
694 3362 871 3428 rationibus
907 3375 939 3427 et
972 3365 1150 3450 praeceptis
1185 3366 1218 3429 in
1251 3386 1347 3448 opere

243 3480 301 3522 suo
334 3461 530 3524 conficiendo
567 3484 644 3526 usus
676 3460 735 3541 sit,
770 3462 838 3548 ipse
870 3463 1038 3528 nobiscum
1071 3465 1284 3529 communicat
1315 3463 1346 3526 in

243 3559 331 3635 ,The
345 3560 471 3645 Pedem
487 3573 515 3624 to
531 3561 578 3624 tlte
591 3563 748 3626 [leader“:
771 3566 823 3641 „It
845 3566 872 3626 is
893 3565 940 3628 tlte
956 3577 1032 3650 port
1052 3566 1089 3651 os
1105 3589 1189 3650 ecerp
1209 3565 1348 3648 leeeowiap

243 3659 309 3720 und
321 3659 457 3742 judiciol
479 3663 675 3746 interpreter,
706 3674 758 3726 not
783 3674 811 3727 to
829 3663 939 3749 follow
962 3666 1008 3728 tlte
1029 3666 1154 3728 nuenber
1175 3666 1239 3726 ared
1259 3665 1348 3727 order

242 3756 280 3841 of
296 3757 405 3833 recede,
428 3759 481 3822 but
501 3761 548 3824 dte
568 3760 711 3824 neoterici
732 3754 833 3847 tltinpe
855 3762 1042 3838 tlterneelecs,
1067 3765 1131 3826 need
1152 3775 1296 3826 sentences
1319 3773 1346 3825 to

241 3857 338 3938 eeeiyla
364 3858 533 3944 dilipently3
568 3862 633 3924 ond
657 3872 685 3924 to
713 3861 807 3926 clotlee
834 3865 898 3925 arrd
923 3864 1022 3926 odoro
1050 3863 1128 3926 them
1155 3863 1226 3925 wille
1247 3864 1347 3926 words

237 3961 305 4024 aad
325 3958 398 4022 sucis
420 3982 440 4020 a
462 3959 533 4044 style
552 3963 616 4024 aad
627 3962 717 4047 form
738 3958 919 4048 fferation,
941 3986 976 4024 os
998 3986 1051 4026 ore
1071 3973 1148 4026 most
1161 3963 1278 4048 cptfoe·
1298 3963 1346 4026 tlte

240 4060 392 4145 lonpuoye
413 4059 476 4122 into
498 4059 595 4122 waiet
608 4061 674 4146 deep
688 4083 741 4125 ore
755 4061 942 4124 eonverted.“
971 4059 1016 4123 Et
1037 4060 1069 4123 in
1090 4060 1344 4142 praeclarissimo

230 4160 379 4227 carmine
402 4158 444 4223 ad
464 4157 633 4224 lectorem:
