<?xml version="1.0" encoding="UTF-8"?>
<!DOCTYPE html PUBLIC "-//W3C//DTD XHTML 1.0 Transitional//EN"
    "http://www.w3.org/TR/xhtml1/DTD/xhtml1-transitional.dtd">
<html xmlns="http://www.w3.org/1999/xhtml" xml:lang="en" lang="en">
 <head>
  <title>
</title>
<meta http-equiv="Content-Type" content="text/html;charset=utf-8" />
  <meta name='ocr-system' content='tesseract 3.04.00' />
  <meta name='ocr-capabilities' content='ocr_page ocr_carea ocr_par ocr_line ocrx_word'/>
</head>
<body>
  <div class='ocr_page' id='page_1' title='image "./versioneshomeri00penogoog_0037.png"; bbox 0 0 3175 5025; ppageno 0'>
   <div class='ocr_carea' id='block_1_1' title="bbox 743 339 842 433">
    <p class='ocr_par' dir='ltr' id='par_1_1' title="bbox 743 339 842 433">
     <span class='ocr_line' id='line_1_1' title="bbox 743 339 842 433; baseline -0.02 0"><span class='ocrx_word' id='word_1_1' title='bbox 743 339 842 433; x_wconf 47' lang='lat' dir='ltr'>dl...</span> 
     </span>
    </p>
   </div>
   <div class='ocr_carea' id='block_1_2' title="bbox 240 538 1346 1327">
    <p class='ocr_par' dir='ltr' id='par_1_2' title="bbox 240 538 1346 1327">
     <span class='ocr_line' id='line_1_2' title="bbox 241 538 1343 629; baseline -0.005 -22"><span class='ocrx_word' id='word_1_2' title='bbox 241 554 329 607; x_wconf 85' lang='lat' dir='ltr'>tanta</span> <span class='ocrx_word' id='word_1_3' title='bbox 353 564 425 607; x_wconf 87' lang='lat' dir='ltr'>cum</span> <span class='ocrx_word' id='word_1_4' title='bbox 448 541 621 629; x_wconf 81' lang='lat' dir='ltr'>diligentia,</span> <span class='ocrx_word' id='word_1_5' title='bbox 644 565 683 606; x_wconf 91' lang='lat' dir='ltr'>ne</span> <span class='ocrx_word' id='word_1_6' title='bbox 704 542 809 606; x_wconf 88' lang='lat' dir='ltr'>dicam</span> <span class='ocrx_word' id='word_1_7' title='bbox 832 542 988 605; x_wconf 78' lang='lat' dir='ltr'>anxietate</span> <span class='ocrx_word' id='word_1_8' title='bbox 1011 540 1135 627; x_wconf 84' lang='lat' dir='ltr'>singula</span> <span class='ocrx_word' id='word_1_9' title='bbox 1156 538 1255 605; x_wconf 84' lang='lat' dir='ltr'>verba</span> <span class='ocrx_word' id='word_1_10' title='bbox 1270 538 1343 603; x_wconf 88' lang='lat' dir='ltr'>red·</span> 
     </span>
     <span class='ocr_line' id='line_1_3' title="bbox 241 641 1341 728; baseline -0.004 -23"><span class='ocrx_word' id='word_1_11' title='bbox 241 645 318 708; x_wconf 85' lang='lat' dir='ltr'>dere</span> <span class='ocrx_word' id='word_1_12' title='bbox 341 643 473 720; x_wconf 78' lang='lat' dir='ltr'>studuit,</span> <span class='ocrx_word' id='word_1_13' title='bbox 497 653 600 707; x_wconf 88' lang='lat' dir='ltr'>tamen</span> <span class='ocrx_word' id='word_1_14' title='bbox 622 641 802 707; x_wconf 77' lang='lat' dir='ltr'>Homerum</span> <span class='ocrx_word' id='word_1_15' title='bbox 824 642 928 728; x_wconf 88' lang='lat' dir='ltr'>ipsum</span> <span class='ocrx_word' id='word_1_16' title='bbox 949 664 1014 705; x_wconf 89' lang='lat' dir='ltr'>non</span> <span class='ocrx_word' id='word_1_17' title='bbox 1036 651 1262 727; x_wconf 84' lang='lat' dir='ltr'>repraesentat,</span> <span class='ocrx_word' id='word_1_18' title='bbox 1285 641 1341 704; x_wconf 86' lang='lat' dir='ltr'>sed</span> 
     </span>
     <span class='ocr_line' id='line_1_4' title="bbox 240 740 1344 828; baseline -0.005 -21"><span class='ocrx_word' id='word_1_19' title='bbox 240 754 365 807; x_wconf 86' lang='lat' dir='ltr'>tantum</span> <span class='ocrx_word' id='word_1_20' title='bbox 393 743 462 806; x_wconf 85' lang='lat' dir='ltr'>eius</span> <span class='ocrx_word' id='word_1_21' title='bbox 487 742 658 828; x_wconf 83' lang='lat' dir='ltr'>imaginem</span> <span class='ocrx_word' id='word_1_22' title='bbox 685 741 860 805; x_wconf 87' lang='lat' dir='ltr'>admodum</span> <span class='ocrx_word' id='word_1_23' title='bbox 886 751 1089 805; x_wconf 86' lang='lat' dir='ltr'>attenuatam.</span> <span class='ocrx_word' id='word_1_24' title='bbox 1132 740 1344 805; x_wconf 85' lang='lat' dir='ltr'>Desideratur</span> 
     </span>
     <span class='ocr_line' id='line_1_5' title="bbox 243 838 1343 928; baseline -0.005 -22"><span class='ocrx_word' id='word_1_25' title='bbox 243 842 330 928; x_wconf 86' lang='lat' dir='ltr'>apud</span> <span class='ocrx_word' id='word_1_26' title='bbox 351 865 424 906; x_wconf 89' lang='lat' dir='ltr'>eum</span> <span class='ocrx_word' id='word_1_27' title='bbox 447 842 555 906; x_wconf 83' lang='lat' dir='ltr'>fervor</span> <span class='ocrx_word' id='word_1_28' title='bbox 581 838 700 907; x_wconf 88' lang='lat' dir='ltr'>Graeci</span> <span class='ocrx_word' id='word_1_29' title='bbox 728 840 917 926; x_wconf 82' lang='lat' dir='ltr'>exemplaris</span> <span class='ocrx_word' id='word_1_30' title='bbox 942 851 974 904; x_wconf 90' lang='lat' dir='ltr'>et</span> <span class='ocrx_word' id='word_1_31' title='bbox 999 863 1063 924; x_wconf 90' lang='lat' dir='ltr'>quo</span> <span class='ocrx_word' id='word_1_32' title='bbox 1084 839 1198 904; x_wconf 85' lang='lat' dir='ltr'>heroes</span> <span class='ocrx_word' id='word_1_33' title='bbox 1219 838 1343 903; x_wconf 84' lang='lat' dir='ltr'>Home·</span> 
     </span>
     <span class='ocr_line' id='line_1_6' title="bbox 245 940 1343 1025; baseline -0.002 -20"><span class='ocrx_word' id='word_1_34' title='bbox 245 943 304 1007; x_wconf 88' lang='lat' dir='ltr'>rici</span> <span class='ocrx_word' id='word_1_35' title='bbox 324 943 470 1006; x_wconf 88' lang='lat' dir='ltr'>feruntur</span> <span class='ocrx_word' id='word_1_36' title='bbox 491 942 621 1007; x_wconf 85' lang='lat' dir='ltr'>bellicus</span> <span class='ocrx_word' id='word_1_37' title='bbox 644 942 750 1006; x_wconf 88' lang='lat' dir='ltr'>ardor.</span> <span class='ocrx_word' id='word_1_38' title='bbox 788 941 928 1007; x_wconf 92' lang='lat' dir='ltr'>Multum</span> <span class='ocrx_word' id='word_1_39' title='bbox 951 964 1078 1025; x_wconf 89' lang='lat' dir='ltr'>quoque</span> <span class='ocrx_word' id='word_1_40' title='bbox 1101 941 1141 1004; x_wconf 88' lang='lat' dir='ltr'>ad</span> <span class='ocrx_word' id='word_1_41' title='bbox 1164 940 1343 1004; x_wconf 86' lang='lat' dir='ltr'>conforma-</span> 
     </span>
     <span class='ocr_line' id='line_1_7' title="bbox 247 1040 1344 1127; baseline -0.001 -22"><span class='ocrx_word' id='word_1_42' title='bbox 247 1042 364 1106; x_wconf 88' lang='lat' dir='ltr'>tionem</span> <span class='ocrx_word' id='word_1_43' title='bbox 386 1042 543 1106; x_wconf 76' lang='lat' dir='ltr'>versionis</span> <span class='ocrx_word' id='word_1_44' title='bbox 565 1065 641 1106; x_wconf 86' lang='lat' dir='ltr'>suae</span> <span class='ocrx_word' id='word_1_45' title='bbox 661 1041 787 1107; x_wconf 85' lang='lat' dir='ltr'>valebat</span> <span class='ocrx_word' id='word_1_46' title='bbox 809 1043 932 1108; x_wconf 85' lang='lat' dir='ltr'>animus</span> <span class='ocrx_word' id='word_1_47' title='bbox 953 1040 1102 1127; x_wconf 84' lang='lat' dir='ltr'>Cowperi</span> <span class='ocrx_word' id='word_1_48' title='bbox 1124 1041 1291 1127; x_wconf 85' lang='lat' dir='ltr'>religiosus</span> <span class='ocrx_word' id='word_1_49' title='bbox 1307 1064 1344 1104; x_wconf 86' lang='lat' dir='ltr'>ae</span> 
     </span>
     <span class='ocr_line' id='line_1_8' title="bbox 247 1141 1343 1227; baseline -0.001 -21"><span class='ocrx_word' id='word_1_50' title='bbox 247 1141 494 1227; x_wconf 89' lang='lat' dir='ltr'>superstitiosus,</span> <span class='ocrx_word' id='word_1_51' title='bbox 516 1165 591 1205; x_wconf 87' lang='lat' dir='ltr'>nam</span> <span class='ocrx_word' id='word_1_52' title='bbox 612 1143 701 1227; x_wconf 90' lang='lat' dir='ltr'>pium</span> <span class='ocrx_word' id='word_1_53' title='bbox 723 1143 811 1207; x_wconf 91' lang='lat' dir='ltr'>illum</span> <span class='ocrx_word' id='word_1_54' title='bbox 827 1142 944 1208; x_wconf 83' lang='lat' dir='ltr'>amoris</span> <span class='ocrx_word' id='word_1_55' title='bbox 959 1155 991 1207; x_wconf 91' lang='lat' dir='ltr'>et</span> <span class='ocrx_word' id='word_1_56' title='bbox 1005 1143 1188 1208; x_wconf 84' lang='lat' dir='ltr'>tolerantiae</span> <span class='ocrx_word' id='word_1_57' title='bbox 1204 1143 1343 1205; x_wconf 84' lang='lat' dir='ltr'>animum</span> 
     </span>
     <span class='ocr_line' id='line_1_9' title="bbox 245 1241 1346 1327; baseline -0.001 -22"><span class='ocrx_word' id='word_1_58' title='bbox 245 1242 278 1305; x_wconf 92' lang='lat' dir='ltr'>in</span> <span class='ocrx_word' id='word_1_59' title='bbox 312 1253 446 1305; x_wconf 87' lang='lat' dir='ltr'>aetatem</span> <span class='ocrx_word' id='word_1_60' title='bbox 477 1241 683 1306; x_wconf 87' lang='lat' dir='ltr'>Homericam</span> <span class='ocrx_word' id='word_1_61' title='bbox 709 1243 890 1322; x_wconf 82' lang='lat' dir='ltr'>transtulit,</span> <span class='ocrx_word' id='word_1_62' title='bbox 917 1243 1078 1327; x_wconf 87' lang='lat' dir='ltr'>iratosque</span> <span class='ocrx_word' id='word_1_63' title='bbox 1105 1242 1209 1307; x_wconf 79' lang='lat' dir='ltr'>reddit</span> <span class='ocrx_word' id='word_1_64' title='bbox 1236 1242 1346 1305; x_wconf 90' lang='lat' dir='ltr'>mode·</span> 
     </span>
    </p>
   </div>
   <div class='ocr_carea' id='block_1_3' title="bbox 243 1349 1345 1436">
    <p class='ocr_par' dir='ltr' id='par_1_3' title="bbox 243 1349 1345 1436">
     <span class='ocr_line' id='line_1_10' title="bbox 243 1349 1345 1436; baseline -0.002 -21"><span class='ocrx_word' id='word_1_65' title='bbox 243 1350 356 1415; x_wconf 85' lang='lat' dir='ltr'>stiores</span> <span class='ocrx_word' id='word_1_66' title='bbox 378 1349 669 1433; x_wconf 79' lang='lat' dir='ltr'>calumniosamque</span> <span class='ocrx_word' id='word_1_67' title='bbox 691 1373 803 1415; x_wconf 90' lang='lat' dir='ltr'>eorum</span> <span class='ocrx_word' id='word_1_68' title='bbox 830 1352 1006 1415; x_wconf 86' lang='lat' dir='ltr'>orationem</span> <span class='ocrx_word' id='word_1_69' title='bbox 1029 1351 1162 1436; x_wconf 82' lang='lat' dir='ltr'>mitigat.</span> <span class='ocrx_word' id='word_1_70' title='bbox 1202 1350 1345 1413; x_wconf 84' lang='lat' dir='ltr'>lllaxime</span> 
     </span>
    </p>
   </div>
   <div class='ocr_carea' id='block_1_4' title="bbox 244 1449 1457 1537">
    <p class='ocr_par' dir='ltr' id='par_1_4' title="bbox 244 1449 1457 1537">
     <span class='ocr_line' id='line_1_11' title="bbox 244 1449 1457 1537; baseline -0.001 -23"><span class='ocrx_word' id='word_1_71' title='bbox 244 1450 403 1515; x_wconf 88' lang='lat' dir='ltr'>delectant</span> <span class='ocrx_word' id='word_1_72' title='bbox 421 1449 573 1514; x_wconf 90' lang='lat' dir='ltr'>lectorem</span> <span class='ocrx_word' id='word_1_73' title='bbox 599 1450 627 1512; x_wconf 90' lang='lat' dir='ltr'>ei</span> <span class='ocrx_word' id='word_1_74' title='bbox 638 1450 711 1525; x_wconf 93' lang='lat' dir='ltr'>loci,</span> <span class='ocrx_word' id='word_1_75' title='bbox 726 1449 781 1514; x_wconf 94' lang='lat' dir='ltr'>ubi</span> <span class='ocrx_word' id='word_1_76' title='bbox 797 1451 917 1534; x_wconf 87' lang='lat' dir='ltr'>aliquid</span> <span class='ocrx_word' id='word_1_77' title='bbox 932 1452 1033 1537; x_wconf 80' lang='lat' dir='ltr'>magis</span> <span class='ocrx_word' id='word_1_78' title='bbox 1049 1450 1239 1515; x_wconf 88' lang='lat' dir='ltr'>describitur</span> <span class='ocrx_word' id='word_1_79' title='bbox 1249 1473 1345 1533; x_wconf 88' lang='lat' dir='ltr'>quam</span> <span class='ocrx_word' id='word_1_80' title='bbox 1455 1463 1457 1473; x_wconf 91' lang='lat'>&#39;</span> 
     </span>
    </p>
   </div>
   <div class='ocr_carea' id='block_1_5' title="bbox 241 1552 1353 4047">
    <p class='ocr_par' dir='ltr' id='par_1_5' title="bbox 241 1552 1353 4047">
     <span class='ocr_line' id='line_1_12' title="bbox 245 1552 1346 1638; baseline 0.001 -24"><span class='ocrx_word' id='word_1_81' title='bbox 245 1562 406 1626; x_wconf 87' lang='lat' dir='ltr'>narratur,</span> <span class='ocrx_word' id='word_1_82' title='bbox 429 1572 510 1633; x_wconf 93' lang='lat' dir='ltr'>quos</span> <span class='ocrx_word' id='word_1_83' title='bbox 531 1573 684 1638; x_wconf 86' lang='lat' dir='ltr'>persaepe</span> <span class='ocrx_word' id='word_1_84' title='bbox 705 1552 937 1638; x_wconf 80' lang='lat' dir='ltr'>elegantissime</span> <span class='ocrx_word' id='word_1_85' title='bbox 958 1553 1107 1618; x_wconf 88' lang='lat' dir='ltr'>reddidit.</span> <span class='ocrx_word' id='word_1_86' title='bbox 1150 1553 1195 1617; x_wconf 84' lang='lat' dir='ltr'>Et</span> <span class='ocrx_word' id='word_1_87' title='bbox 1215 1554 1284 1638; x_wconf 89' lang='lat' dir='ltr'>ipso</span> <span class='ocrx_word' id='word_1_88' title='bbox 1305 1553 1346 1616; x_wconf 88' lang='lat' dir='ltr'>de</span> 
     </span>
     <span class='ocr_line' id='line_1_13' title="bbox 244 1650 1347 1737; baseline 0.001 -22"><span class='ocrx_word' id='word_1_89' title='bbox 244 1652 307 1715; x_wconf 90' lang='lat' dir='ltr'>illis</span> <span class='ocrx_word' id='word_1_90' title='bbox 338 1650 373 1713; x_wconf 92' lang='lat' dir='ltr'>in</span> <span class='ocrx_word' id='word_1_91' title='bbox 406 1650 546 1733; x_wconf 89' lang='lat' dir='ltr'>quadam</span> <span class='ocrx_word' id='word_1_92' title='bbox 577 1652 712 1737; x_wconf 87' lang='lat' dir='ltr'>epistola</span> <span class='ocrx_word' id='word_1_93' title='bbox 724 1652 747 1736; x_wconf 88' lang='grc'>1)</span> <span class='ocrx_word' id='word_1_94' title='bbox 778 1653 861 1717; x_wconf 89' lang='lat' dir='ltr'>bunc</span> <span class='ocrx_word' id='word_1_95' title='bbox 893 1654 926 1716; x_wconf 92' lang='lat' dir='ltr'>in</span> <span class='ocrx_word' id='word_1_96' title='bbox 957 1654 1087 1718; x_wconf 89' lang='lat' dir='ltr'>modum</span> <span class='ocrx_word' id='word_1_97' title='bbox 1121 1652 1220 1717; x_wconf 88' lang='lat' dir='ltr'>verba</span> <span class='ocrx_word' id='word_1_98' title='bbox 1251 1654 1347 1717; x_wconf 84' lang='lat' dir='ltr'>facit:</span> 
     </span>
     <span class='ocr_line' id='line_1_14' title="bbox 247 1752 1346 1841; baseline 0.002 -25"><span class='ocrx_word' id='word_1_99' title='bbox 247 1753 335 1829; x_wconf 70' lang='lat' dir='ltr'>„rte</span> <span class='ocrx_word' id='word_1_100' title='bbox 355 1754 537 1839; x_wconf 69' lang='lat' dir='ltr'>aaderpcrts</span> <span class='ocrx_word' id='word_1_101' title='bbox 565 1752 601 1840; x_wconf 73' lang='lat' dir='ltr'>of</span> <span class='ocrx_word' id='word_1_102' title='bbox 626 1754 672 1816; x_wconf 79' lang='lat' dir='ltr'>tlte</span> <span class='ocrx_word' id='word_1_103' title='bbox 692 1777 800 1841; x_wconf 79' lang='lat' dir='ltr'>poerns</span> <span class='ocrx_word' id='word_1_104' title='bbox 824 1753 920 1837; x_wconf 74' lang='lat' dir='ltr'>(tlrose</span> <span class='ocrx_word' id='word_1_105' title='bbox 941 1756 1069 1819; x_wconf 81' lang='lat' dir='ltr'>Iracars</span> <span class='ocrx_word' id='word_1_106' title='bbox 1093 1754 1190 1818; x_wconf 78' lang='lat' dir='ltr'>wlriclt</span> <span class='ocrx_word' id='word_1_107' title='bbox 1211 1777 1264 1817; x_wconf 89' lang='lat' dir='ltr'>are</span> <span class='ocrx_word' id='word_1_108' title='bbox 1284 1777 1346 1818; x_wconf 83' lang='lat' dir='ltr'>rne-</span> 
     </span>
     <span class='ocr_line' id='line_1_15' title="bbox 249 1858 1347 1948; baseline 0.001 -29"><span class='ocrx_word' id='word_1_109' title='bbox 249 1858 312 1941; x_wconf 71' lang='lat' dir='ltr'>rely</span> <span class='ocrx_word' id='word_1_110' title='bbox 333 1858 501 1944; x_wconf 81' lang='lat' dir='ltr'>narrative)</span> <span class='ocrx_word' id='word_1_111' title='bbox 524 1861 549 1922; x_wconf 92' lang='lat' dir='ltr'><em>I</em></span> <span class='ocrx_word' id='word_1_112' title='bbox 555 1862 629 1947; x_wconf 77' lang='lat' dir='ltr'>find</span> <span class='ocrx_word' id='word_1_113' title='bbox 653 1860 700 1923; x_wconf 74' lang='lat' dir='ltr'>tlte</span> <span class='ocrx_word' id='word_1_114' title='bbox 730 1872 808 1923; x_wconf 82' lang='lat' dir='ltr'>most</span> <span class='ocrx_word' id='word_1_115' title='bbox 833 1859 970 1948; x_wconf 67' lang='lat' dir='ltr'>difficolt.</span> <span class='ocrx_word' id='word_1_116' title='bbox 1019 1860 1049 1922; x_wconf 92' lang='lat' dir='ltr'><em>T</em></span> <span class='ocrx_word' id='word_1_117' title='bbox 1046 1861 1111 1924; x_wconf 75' lang='lat' dir='ltr'>laese</span> <span class='ocrx_word' id='word_1_118' title='bbox 1137 1883 1193 1923; x_wconf 81' lang='lat' dir='ltr'>aaa</span> <span class='ocrx_word' id='word_1_119' title='bbox 1218 1858 1287 1943; x_wconf 69' lang='lat' dir='ltr'>only</span> <span class='ocrx_word' id='word_1_120' title='bbox 1313 1860 1347 1921; x_wconf 74' lang='lat' dir='ltr'>Ire</span> 
     </span>
     <span class='ocr_line' id='line_1_16' title="bbox 251 1954 1349 2045; baseline 0.005 -28"><span class='ocrx_word' id='word_1_121' title='bbox 251 1959 415 2041; x_wconf 73' lang='lat' dir='ltr'>supported</span> <span class='ocrx_word' id='word_1_122' title='bbox 436 1959 472 2041; x_wconf 76' lang='lat' dir='ltr'>by</span> <span class='ocrx_word' id='word_1_123' title='bbox 492 1959 539 2022; x_wconf 83' lang='lat' dir='ltr'>the</span> <span class='ocrx_word' id='word_1_124' title='bbox 560 1954 681 2036; x_wconf 79' lang='lat' dir='ltr'>diction,</span> <span class='ocrx_word' id='word_1_125' title='bbox 704 1961 768 2022; x_wconf 82' lang='lat' dir='ltr'>aad</span> <span class='ocrx_word' id='word_1_126' title='bbox 781 1983 819 2023; x_wconf 89' lang='lat' dir='ltr'>oa</span> <span class='ocrx_word' id='word_1_127' title='bbox 843 1961 931 2036; x_wconf 77' lang='lat' dir='ltr'>tlrese,</span> <span class='ocrx_word' id='word_1_128' title='bbox 943 1961 1002 2045; x_wconf 85' lang='lat' dir='ltr'>for</span> <span class='ocrx_word' id='word_1_129' title='bbox 1016 1959 1079 2022; x_wconf 80' lang='lat' dir='ltr'>tlrat</span> <span class='ocrx_word' id='word_1_130' title='bbox 1099 1983 1218 2036; x_wconf 82' lang='lat' dir='ltr'>reason,</span> <span class='ocrx_word' id='word_1_131' title='bbox 1240 1961 1264 2022; x_wconf 93' lang='lat' dir='ltr'><em>I</em></span> <span class='ocrx_word' id='word_1_132' title='bbox 1275 1959 1349 2022; x_wconf 71' lang='lat' dir='ltr'>liare</span> 
     </span>
     <span class='ocr_line' id='line_1_17' title="bbox 252 2056 1348 2148; baseline 0.005 -31"><span class='ocrx_word' id='word_1_133' title='bbox 252 2057 397 2118; x_wconf 79' lang='lat' dir='ltr'>bestowed</span> <span class='ocrx_word' id='word_1_134' title='bbox 422 2056 468 2120; x_wconf 79' lang='lat' dir='ltr'>tlte</span> <span class='ocrx_word' id='word_1_135' title='bbox 494 2069 571 2121; x_wconf 87' lang='lat' dir='ltr'>most</span> <span class='ocrx_word' id='word_1_136' title='bbox 600 2061 756 2123; x_wconf 82' lang='lat' dir='ltr'>abundant</span> <span class='ocrx_word' id='word_1_137' title='bbox 788 2060 904 2123; x_wconf 77' lang='lat' dir='ltr'>laborer.</span> <span class='ocrx_word' id='word_1_138' title='bbox 953 2062 1030 2124; x_wconf 82' lang='lat' dir='ltr'>Fine</span> <span class='ocrx_word' id='word_1_139' title='bbox 1062 2060 1174 2123; x_wconf 84' lang='lat' dir='ltr'>similes</span> <span class='ocrx_word' id='word_1_140' title='bbox 1203 2062 1267 2123; x_wconf 83' lang='lat' dir='ltr'>aad</span> <span class='ocrx_word' id='word_1_141' title='bbox 1281 2063 1348 2148; x_wconf 72' lang='lat' dir='ltr'>fine</span> 
     </span>
     <span class='ocr_line' id='line_1_18' title="bbox 253 2156 1348 2247; baseline 0.005 -30"><span class='ocrx_word' id='word_1_142' title='bbox 253 2156 388 2242; x_wconf 79' lang='lat' dir='ltr'>speeeltes</span> <span class='ocrx_word' id='word_1_143' title='bbox 403 2156 468 2220; x_wconf 82' lang='lat' dir='ltr'>talte</span> <span class='ocrx_word' id='word_1_144' title='bbox 478 2180 546 2221; x_wconf 83' lang='lat' dir='ltr'>aare</span> <span class='ocrx_word' id='word_1_145' title='bbox 560 2158 596 2243; x_wconf 75' lang='lat' dir='ltr'>of</span> <span class='ocrx_word' id='word_1_146' title='bbox 601 2159 773 2223; x_wconf 74' lang='lat' dir='ltr'>themselves</span> <span class='ocrx_word' id='word_1_147' title='bbox 781 2184 792 2234; x_wconf 92' lang='lat'>,·</span> <span class='ocrx_word' id='word_1_148' title='bbox 813 2162 863 2222; x_wconf 82' lang='lat' dir='ltr'>but</span> <span class='ocrx_word' id='word_1_149' title='bbox 885 2160 931 2224; x_wconf 82' lang='lat' dir='ltr'>rte</span> <span class='ocrx_word' id='word_1_150' title='bbox 953 2172 1037 2225; x_wconf 69' lang='lat' dir='ltr'>exact</span> <span class='ocrx_word' id='word_1_151' title='bbox 1044 2183 1169 2247; x_wconf 81' lang='lat' dir='ltr'>process</span> <span class='ocrx_word' id='word_1_152' title='bbox 1183 2161 1220 2247; x_wconf 74' lang='lat' dir='ltr'>of</span> <span class='ocrx_word' id='word_1_153' title='bbox 1229 2160 1348 2245; x_wconf 65' lang='lat' dir='ltr'>slayiny</span> 
     </span>
     <span class='ocr_line' id='line_1_19' title="bbox 252 2256 1349 2347; baseline 0.004 -28"><span class='ocrx_word' id='word_1_154' title='bbox 252 2280 272 2319; x_wconf 86' lang='lat' dir='ltr'>c</span> <span class='ocrx_word' id='word_1_155' title='bbox 293 2256 381 2343; x_wconf 75' lang='lat' dir='ltr'>sheep</span> <span class='ocrx_word' id='word_1_156' title='bbox 402 2258 467 2320; x_wconf 82' lang='lat' dir='ltr'>aad</span> <span class='ocrx_word' id='word_1_157' title='bbox 485 2259 622 2343; x_wconf 69' lang='lat' dir='ltr'>dressr&#39;ny</span> <span class='ocrx_word' id='word_1_158' title='bbox 651 2261 687 2335; x_wconf 84' lang='lat' dir='ltr'>it,</span> <span class='ocrx_word' id='word_1_159' title='bbox 718 2262 741 2323; x_wconf 84' lang='lat' dir='ltr'>it</span> <span class='ocrx_word' id='word_1_160' title='bbox 766 2263 793 2323; x_wconf 85' lang='lat' dir='ltr'>r&#39;s</span> <span class='ocrx_word' id='word_1_161' title='bbox 818 2270 870 2323; x_wconf 85' lang='lat' dir='ltr'>aot</span> <span class='ocrx_word' id='word_1_162' title='bbox 897 2284 929 2324; x_wconf 90' lang='lat' dir='ltr'>so</span> <span class='ocrx_word' id='word_1_163' title='bbox 960 2284 1028 2346; x_wconf 71' lang='lat' dir='ltr'>easy</span> <span class='ocrx_word' id='word_1_164' title='bbox 1050 2273 1077 2325; x_wconf 88' lang='lat' dir='ltr'>to</span> <span class='ocrx_word' id='word_1_165' title='bbox 1099 2261 1217 2347; x_wconf 67' lang='lat' dir='ltr'>‹liquisy</span> <span class='ocrx_word' id='word_1_166' title='bbox 1238 2263 1271 2323; x_wconf 84' lang='lat' dir='ltr'>ia</span> <span class='ocrx_word' id='word_1_167' title='bbox 1292 2284 1349 2324; x_wconf 83' lang='lat' dir='ltr'>oar·</span> 
     </span>
     <span class='ocr_line' id='line_1_20' title="bbox 252 2355 1346 2446; baseline 0.004 -28"><span class='ocrx_word' id='word_1_168' title='bbox 252 2355 411 2441; x_wconf 71' lang='lat' dir='ltr'>lanyaaqe,</span> <span class='ocrx_word' id='word_1_169' title='bbox 434 2358 498 2420; x_wconf 85' lang='lat' dir='ltr'>aad</span> <span class='ocrx_word' id='word_1_170' title='bbox 517 2359 551 2420; x_wconf 85' lang='lat' dir='ltr'>ia</span> <span class='ocrx_word' id='word_1_171' title='bbox 571 2382 629 2423; x_wconf 87' lang='lat' dir='ltr'>our</span> <span class='ocrx_word' id='word_1_172' title='bbox 648 2364 816 2423; x_wconf 82' lang='lat' dir='ltr'>measure.“</span> <span class='ocrx_word' id='word_1_173' title='bbox 846 2360 897 2421; x_wconf 83' lang='lat' dir='ltr'>Ac</span> <span class='ocrx_word' id='word_1_174' title='bbox 918 2360 1062 2424; x_wconf 88' lang='lat' dir='ltr'>similiter</span> <span class='ocrx_word' id='word_1_175' title='bbox 1082 2361 1114 2424; x_wconf 91' lang='lat' dir='ltr'>in</span> <span class='ocrx_word' id='word_1_176' title='bbox 1136 2358 1346 2446; x_wconf 85' lang='lat' dir='ltr'>praefatione:</span> 
     </span>
     <span class='ocr_line' id='line_1_21' title="bbox 248 2458 1349 2549; baseline 0.003 -28"><span class='ocrx_word' id='word_1_177' title='bbox 248 2458 338 2537; x_wconf 81' lang='lat' dir='ltr'>„le</span> <span class='ocrx_word' id='word_1_178' title='bbox 353 2482 502 2544; x_wconf 70' lang='lat' dir='ltr'>passcyes</span> <span class='ocrx_word' id='word_1_179' title='bbox 523 2461 621 2525; x_wconf 76' lang='lat' dir='ltr'>colried</span> <span class='ocrx_word' id='word_1_180' title='bbox 641 2462 706 2525; x_wconf 81' lang='lat' dir='ltr'>will</span> <span class='ocrx_word' id='word_1_181' title='bbox 725 2464 759 2528; x_wconf 81' lang='lat' dir='ltr'>de</span> <span class='ocrx_word' id='word_1_182' title='bbox 782 2461 855 2526; x_wconf 84' lang='lat' dir='ltr'>least</span> <span class='ocrx_word' id='word_1_183' title='bbox 875 2462 1000 2539; x_wconf 83' lang='lat' dir='ltr'>noticed,</span> <span class='ocrx_word' id='word_1_184' title='bbox 1023 2464 1086 2529; x_wconf 84' lang='lat' dir='ltr'>aad</span> <span class='ocrx_word' id='word_1_185' title='bbox 1100 2461 1239 2549; x_wconf 74' lang='lat' dir='ltr'>possibly</span> <span class='ocrx_word' id='word_1_186' title='bbox 1253 2472 1304 2525; x_wconf 88' lang='lat' dir='ltr'>not</span> <span class='ocrx_word' id='word_1_187' title='bbox 1318 2472 1349 2524; x_wconf 86' lang='lat' dir='ltr'>at</span> 
     </span>
     <span class='ocr_line' id='line_1_22' title="bbox 250 2558 1349 2654; baseline 0.001 -32"><span class='ocrx_word' id='word_1_188' title='bbox 250 2558 305 2635; x_wconf 84' lang='lat' dir='ltr'>att,</span> <span class='ocrx_word' id='word_1_189' title='bbox 328 2571 428 2646; x_wconf 79' lang='lat' dir='ltr'>eacept</span> <span class='ocrx_word' id='word_1_190' title='bbox 448 2561 485 2644; x_wconf 79' lang='lat' dir='ltr'>by</span> <span class='ocrx_word' id='word_1_191' title='bbox 507 2561 588 2625; x_wconf 79' lang='lat' dir='ltr'>tlrose</span> <span class='ocrx_word' id='word_1_192' title='bbox 608 2563 674 2626; x_wconf 70' lang='lat' dir='ltr'>wlco</span> <span class='ocrx_word' id='word_1_193' title='bbox 696 2563 777 2626; x_wconf 80' lang='lat' dir='ltr'>shall</span> <span class='ocrx_word' id='word_1_194' title='bbox 797 2566 872 2628; x_wconf 82' lang='lat' dir='ltr'>wislt</span> <span class='ocrx_word' id='word_1_195' title='bbox 894 2576 922 2628; x_wconf 91' lang='lat' dir='ltr'>to</span> <span class='ocrx_word' id='word_1_196' title='bbox 933 2567 1007 2654; x_wconf 85' lang='lat' dir='ltr'>fiad</span> <span class='ocrx_word' id='word_1_197' title='bbox 1026 2588 1073 2628; x_wconf 82' lang='lat' dir='ltr'>rae</span> <span class='ocrx_word' id='word_1_198' title='bbox 1094 2575 1126 2626; x_wconf 87' lang='lat' dir='ltr'>at</span> <span class='ocrx_word' id='word_1_199' title='bbox 1146 2587 1166 2626; x_wconf 89' lang='lat' dir='ltr'>a</span> <span class='ocrx_word' id='word_1_200' title='bbox 1179 2561 1281 2649; x_wconf 84' lang='lat' dir='ltr'>scalt,</span> <span class='ocrx_word' id='word_1_201' title='bbox 1297 2584 1349 2623; x_wconf 84' lang='lat' dir='ltr'>are</span> 
     </span>
     <span class='ocr_line' id='line_1_23' title="bbox 251 2659 1349 2749; baseline 0.002 -28"><span class='ocrx_word' id='word_1_202' title='bbox 251 2659 332 2724; x_wconf 78' lang='lat' dir='ltr'>those</span> <span class='ocrx_word' id='word_1_203' title='bbox 360 2661 459 2723; x_wconf 72' lang='lat' dir='ltr'>colried</span> <span class='ocrx_word' id='word_1_204' title='bbox 483 2662 557 2726; x_wconf 70' lang='lat' dir='ltr'>lacae</span> <span class='ocrx_word' id='word_1_205' title='bbox 589 2673 650 2726; x_wconf 85' lang='lat' dir='ltr'>eost</span> <span class='ocrx_word' id='word_1_206' title='bbox 668 2686 716 2727; x_wconf 84' lang='lat' dir='ltr'>me</span> <span class='ocrx_word' id='word_1_207' title='bbox 741 2665 927 2749; x_wconf 72' lang='lat' dir='ltr'>ebreadandy</span> <span class='ocrx_word' id='word_1_208' title='bbox 948 2666 994 2729; x_wconf 79' lang='lat' dir='ltr'>tte</span> <span class='ocrx_word' id='word_1_209' title='bbox 1015 2677 1091 2729; x_wconf 86' lang='lat' dir='ltr'>most</span> <span class='ocrx_word' id='word_1_210' title='bbox 1113 2665 1229 2728; x_wconf 85' lang='lat' dir='ltr'>labear.</span> <span class='ocrx_word' id='word_1_211' title='bbox 1270 2661 1349 2725; x_wconf 82' lang='lat' dir='ltr'>Itis</span> 
     </span>
     <span class='ocr_line' id='line_1_24' title="bbox 251 2759 1349 2849; baseline 0.002 -27"><span class='ocrx_word' id='word_1_212' title='bbox 251 2759 378 2849; x_wconf 65' lang='lat' dir='ltr'>dffealt</span> <span class='ocrx_word' id='word_1_213' title='bbox 398 2772 426 2824; x_wconf 90' lang='lat' dir='ltr'>to</span> <span class='ocrx_word' id='word_1_214' title='bbox 448 2760 504 2824; x_wconf 79' lang='lat' dir='ltr'>titt</span> <span class='ocrx_word' id='word_1_215' title='bbox 524 2786 545 2825; x_wconf 86' lang='lat' dir='ltr'>a</span> <span class='ocrx_word' id='word_1_216' title='bbox 566 2762 653 2849; x_wconf 80' lang='lat' dir='ltr'>sheep</span> <span class='ocrx_word' id='word_1_217' title='bbox 675 2764 746 2827; x_wconf 79' lang='lat' dir='ltr'>witlt</span> <span class='ocrx_word' id='word_1_218' title='bbox 767 2766 882 2849; x_wconf 70' lang='lat' dir='ltr'>diynity</span> <span class='ocrx_word' id='word_1_219' title='bbox 904 2768 936 2828; x_wconf 86' lang='lat' dir='ltr'>in</span> <span class='ocrx_word' id='word_1_220' title='bbox 960 2790 979 2829; x_wconf 85' lang='grc' dir='ltr'><em>α</em></span> <span class='ocrx_word' id='word_1_221' title='bbox 999 2767 1125 2829; x_wconf 81' lang='lat' dir='ltr'>modern</span> <span class='ocrx_word' id='word_1_222' title='bbox 1147 2764 1305 2849; x_wconf 66' lang='lat' dir='ltr'>laayaoye,</span> <span class='ocrx_word' id='word_1_223' title='bbox 1321 2773 1349 2824; x_wconf 89' lang='lat' dir='ltr'>to</span> 
     </span>
     <span class='ocr_line' id='line_1_25' title="bbox 241 2860 1349 2950; baseline 0.002 -28"><span class='ocrx_word' id='word_1_224' title='bbox 241 2860 311 2946; x_wconf 73' lang='lat' dir='ltr'>fluy</span> <span class='ocrx_word' id='word_1_225' title='bbox 333 2863 397 2924; x_wconf 79' lang='lat' dir='ltr'>aad</span> <span class='ocrx_word' id='word_1_226' title='bbox 416 2873 444 2925; x_wconf 90' lang='lat' dir='ltr'>to</span> <span class='ocrx_word' id='word_1_227' title='bbox 460 2884 596 2948; x_wconf 79' lang='lat' dir='ltr'>prepare</span> <span class='ocrx_word' id='word_1_228' title='bbox 621 2865 645 2926; x_wconf 82' lang='lat' dir='ltr'>it</span> <span class='ocrx_word' id='word_1_229' title='bbox 665 2866 725 2950; x_wconf 80' lang='lat' dir='ltr'>sor</span> <span class='ocrx_word' id='word_1_230' title='bbox 750 2865 796 2929; x_wconf 79' lang='lat' dir='ltr'>the</span> <span class='ocrx_word' id='word_1_231' title='bbox 818 2866 911 2942; x_wconf 84' lang='lat' dir='ltr'>table,</span> <span class='ocrx_word' id='word_1_232' title='bbox 940 2865 1085 2950; x_wconf 71' lang='lat' dir='ltr'>detailiay</span> <span class='ocrx_word' id='word_1_233' title='bbox 1110 2888 1194 2948; x_wconf 69' lang='lat' dir='ltr'>evera</span> <span class='ocrx_word' id='word_1_234' title='bbox 1222 2866 1349 2926; x_wconf 84' lang='lat' dir='ltr'>circurn-</span> 
     </span>
     <span class='ocr_line' id='line_1_26' title="bbox 251 2961 1350 3050; baseline 0.002 -27"><span class='ocrx_word' id='word_1_235' title='bbox 251 2972 351 3025; x_wconf 86' lang='lat' dir='ltr'>stonee</span> <span class='ocrx_word' id='word_1_236' title='bbox 380 2961 416 3046; x_wconf 74' lang='lat' dir='ltr'>of</span> <span class='ocrx_word' id='word_1_237' title='bbox 438 2962 484 3025; x_wconf 83' lang='lat' dir='ltr'>tte</span> <span class='ocrx_word' id='word_1_238' title='bbox 506 2985 640 3048; x_wconf 82' lang='lat' dir='ltr'>process.</span> <span class='ocrx_word' id='word_1_239' title='bbox 684 2963 828 3050; x_wconf 68' lang='lat' dir='ltr'>Difficutt</span> <span class='ocrx_word' id='word_1_240' title='bbox 854 2964 936 3042; x_wconf 87' lang='lat' dir='ltr'>also,</span> <span class='ocrx_word' id='word_1_241' title='bbox 963 2965 1086 3028; x_wconf 78' lang='lat' dir='ltr'>without</span> <span class='ocrx_word' id='word_1_242' title='bbox 1111 2964 1232 3048; x_wconf 69' lang='lat' dir='ltr'>sintessnq</span> <span class='ocrx_word' id='word_1_243' title='bbox 1258 2962 1350 3026; x_wconf 83' lang='lat' dir='ltr'>below</span> 
     </span>
     <span class='ocr_line' id='line_1_27' title="bbox 251 3061 1351 3150; baseline 0.001 -26"><span class='ocrx_word' id='word_1_244' title='bbox 251 3061 299 3126; x_wconf 80' lang='lat' dir='ltr'>tlte</span> <span class='ocrx_word' id='word_1_245' title='bbox 321 3062 394 3127; x_wconf 86' lang='lat' dir='ltr'>level</span> <span class='ocrx_word' id='word_1_246' title='bbox 413 3061 452 3148; x_wconf 87' lang='lat' dir='ltr'>os</span> <span class='ocrx_word' id='word_1_247' title='bbox 461 3073 619 3148; x_wconf 72' lang='lat' dir='ltr'>poetry,to</span> <span class='ocrx_word' id='word_1_248' title='bbox 642 3063 767 3127; x_wconf 83' lang='lat' dir='ltr'>laraess</span> <span class='ocrx_word' id='word_1_249' title='bbox 789 3064 883 3129; x_wconf 84' lang='lat' dir='ltr'>males</span> <span class='ocrx_word' id='word_1_250' title='bbox 905 3076 933 3129; x_wconf 89' lang='lat' dir='ltr'>to</span> <span class='ocrx_word' id='word_1_251' title='bbox 954 3090 975 3128; x_wconf 86' lang='lat' dir='ltr'>a</span> <span class='ocrx_word' id='word_1_252' title='bbox 995 3088 1132 3150; x_wconf 67' lang='lat' dir='ltr'>wcyyon,</span> <span class='ocrx_word' id='word_1_253' title='bbox 1149 3063 1351 3150; x_wconf 65' lang='lat' dir='ltr'>particulari·</span> 
     </span>
     <span class='ocr_line' id='line_1_28' title="bbox 249 3149 1352 3251; baseline 0 -26"><span class='ocrx_word' id='word_1_254' title='bbox 249 3164 322 3248; x_wconf 65' lang='lat' dir='ltr'>ring]</span> <span class='ocrx_word' id='word_1_255' title='bbox 344 3185 428 3247; x_wconf 70' lang='lat' dir='ltr'>every</span> <span class='ocrx_word' id='word_1_256' title='bbox 449 3149 552 3225; x_wconf 76' lang='lat' dir='ltr'>article</span> <span class='ocrx_word' id='word_1_257' title='bbox 573 3162 609 3248; x_wconf 80' lang='lat' dir='ltr'>of</span> <span class='ocrx_word' id='word_1_258' title='bbox 625 3162 702 3227; x_wconf 78' lang='lat' dir='ltr'>tlreir</span> <span class='ocrx_word' id='word_1_259' title='bbox 717 3164 884 3248; x_wconf 73' lang='lat' dir='ltr'>faraitare,</span> <span class='ocrx_word' id='word_1_260' title='bbox 906 3176 1017 3251; x_wconf 70' lang='lat' dir='ltr'>draps,</span> <span class='ocrx_word' id='word_1_261' title='bbox 1039 3167 1136 3249; x_wconf 64' lang='lat' dir='ltr'>ringis,</span> <span class='ocrx_word' id='word_1_262' title='bbox 1152 3163 1272 3251; x_wconf 78' lang='lat' dir='ltr'>staples,</span> <span class='ocrx_word' id='word_1_263' title='bbox 1288 3165 1352 3226; x_wconf 82' lang='lat' dir='ltr'>aad</span> 
     </span>
     <span class='ocr_line' id='line_1_29' title="bbox 252 3262 1350 3351; baseline 0.001 -25"><span class='ocrx_word' id='word_1_264' title='bbox 252 3286 323 3327; x_wconf 83' lang='lat' dir='ltr'>even</span> <span class='ocrx_word' id='word_1_265' title='bbox 354 3262 402 3326; x_wconf 82' lang='lat' dir='ltr'>tlte</span> <span class='ocrx_word' id='word_1_266' title='bbox 428 3264 510 3348; x_wconf 80' lang='lat' dir='ltr'>tyia9</span> <span class='ocrx_word' id='word_1_267' title='bbox 536 3262 573 3349; x_wconf 79' lang='lat' dir='ltr'>of</span> <span class='ocrx_word' id='word_1_268' title='bbox 602 3264 649 3328; x_wconf 81' lang='lat' dir='ltr'>dre</span> <span class='ocrx_word' id='word_1_269' title='bbox 683 3263 768 3328; x_wconf 78' lang='lat' dir='ltr'>laets</span> <span class='ocrx_word' id='word_1_270' title='bbox 797 3266 860 3328; x_wconf 78' lang='lat' dir='ltr'>tlrct</span> <span class='ocrx_word' id='word_1_271' title='bbox 886 3264 953 3351; x_wconf 74' lang='lat' dir='ltr'>kept</span> <span class='ocrx_word' id='word_1_272' title='bbox 971 3264 1018 3327; x_wconf 83' lang='lat' dir='ltr'>att</span> <span class='ocrx_word' id='word_1_273' title='bbox 1044 3265 1181 3350; x_wconf 69' lang='lat' dir='ltr'>toyetlter.</span> <span class='ocrx_word' id='word_1_274' title='bbox 1221 3263 1350 3340; x_wconf 86' lang='lat' dir='ltr'>Homer,</span> 
     </span>
     <span class='ocr_line' id='line_1_30' title="bbox 251 3361 1352 3450; baseline 0.001 -25"><span class='ocrx_word' id='word_1_275' title='bbox 251 3361 318 3425; x_wconf 81' lang='lat' dir='ltr'>rabo</span> <span class='ocrx_word' id='word_1_276' title='bbox 349 3363 449 3426; x_wconf 79' lang='lat' dir='ltr'>writes</span> <span class='ocrx_word' id='word_1_277' title='bbox 482 3361 595 3448; x_wconf 73' lang='lat' dir='ltr'>always</span> <span class='ocrx_word' id='word_1_278' title='bbox 626 3374 654 3426; x_wconf 87' lang='lat' dir='ltr'>to</span> <span class='ocrx_word' id='word_1_279' title='bbox 690 3365 737 3428; x_wconf 81' lang='lat' dir='ltr'>tlte</span> <span class='ocrx_word' id='word_1_280' title='bbox 768 3387 833 3450; x_wconf 75' lang='lat' dir='ltr'>eye,</span> <span class='ocrx_word' id='word_1_281' title='bbox 869 3364 939 3428; x_wconf 77' lang='lat' dir='ltr'>witta</span> <span class='ocrx_word' id='word_1_282' title='bbox 971 3363 1016 3429; x_wconf 85' lang='lat' dir='ltr'>att</span> <span class='ocrx_word' id='word_1_283' title='bbox 1046 3365 1094 3427; x_wconf 72' lang='lat' dir='ltr'>lais</span> <span class='ocrx_word' id='word_1_284' title='bbox 1115 3363 1267 3448; x_wconf 78' lang='lat' dir='ltr'>sablimity</span> <span class='ocrx_word' id='word_1_285' title='bbox 1288 3365 1352 3426; x_wconf 84' lang='lat' dir='ltr'>aad</span> 
     </span>
     <span class='ocr_line' id='line_1_31' title="bbox 252 3458 1350 3550; baseline 0 -26"><span class='ocrx_word' id='word_1_286' title='bbox 252 3463 422 3545; x_wconf 68' lang='lat' dir='ltr'>yrcndear,</span> <span class='ocrx_word' id='word_1_287' title='bbox 455 3461 511 3525; x_wconf 73' lang='lat' dir='ltr'>lias</span> <span class='ocrx_word' id='word_1_288' title='bbox 537 3462 584 3526; x_wconf 80' lang='lat' dir='ltr'>tlte</span> <span class='ocrx_word' id='word_1_289' title='bbox 610 3465 789 3528; x_wconf 82' lang='lat' dir='ltr'>minateaess</span> <span class='ocrx_word' id='word_1_290' title='bbox 817 3464 889 3549; x_wconf 57' lang='lat' dir='ltr'>mla</span> <span class='ocrx_word' id='word_1_291' title='bbox 909 3463 1044 3527; x_wconf 77' lang='lat' dir='ltr'>Flemislr</span> <span class='ocrx_word' id='word_1_292' title='bbox 1061 3465 1218 3550; x_wconf 80' lang='lat' dir='ltr'>painter.“</span> <span class='ocrx_word' id='word_1_293' title='bbox 1266 3458 1350 3525; x_wconf 90' lang='lat' dir='ltr'>Cum</span> 
     </span>
     <span class='ocr_line' id='line_1_32' title="bbox 254 3560 1351 3649; baseline 0.001 -26"><span class='ocrx_word' id='word_1_294' title='bbox 254 3560 290 3623; x_wconf 92' lang='lat' dir='ltr'>id</span> <span class='ocrx_word' id='word_1_295' title='bbox 319 3563 455 3626; x_wconf 89' lang='lat' dir='ltr'>maxime</span> <span class='ocrx_word' id='word_1_296' title='bbox 487 3573 595 3648; x_wconf 85' lang='lat' dir='ltr'>ageret</span> <span class='ocrx_word' id='word_1_297' title='bbox 623 3560 810 3649; x_wconf 70' lang='lat' dir='ltr'>Cowperurr,</span> <span class='ocrx_word' id='word_1_298' title='bbox 839 3576 875 3626; x_wconf 89' lang='lat' dir='ltr'>ut</span> <span class='ocrx_word' id='word_1_299' title='bbox 899 3562 1018 3648; x_wconf 90' lang='lat' dir='ltr'>ubique</span> <span class='ocrx_word' id='word_1_300' title='bbox 1050 3562 1188 3627; x_wconf 84' lang='lat' dir='ltr'>dilucide</span> <span class='ocrx_word' id='word_1_301' title='bbox 1219 3583 1257 3625; x_wconf 85' lang='lat' dir='ltr'>ac</span> <span class='ocrx_word' id='word_1_302' title='bbox 1277 3583 1351 3646; x_wconf 89' lang='lat' dir='ltr'>per-</span> 
     </span>
     <span class='ocr_line' id='line_1_33' title="bbox 254 3659 1351 3748; baseline 0 -24"><span class='ocrx_word' id='word_1_303' title='bbox 254 3659 363 3746; x_wconf 87' lang='lat' dir='ltr'>spicue</span> <span class='ocrx_word' id='word_1_304' title='bbox 384 3660 552 3738; x_wconf 84' lang='lat' dir='ltr'>scriberet,</span> <span class='ocrx_word' id='word_1_305' title='bbox 586 3684 679 3748; x_wconf 87' lang='lat' dir='ltr'>saepe</span> <span class='ocrx_word' id='word_1_306' title='bbox 706 3685 810 3727; x_wconf 86' lang='lat' dir='ltr'>sermo</span> <span class='ocrx_word' id='word_1_307' title='bbox 836 3663 904 3727; x_wconf 86' lang='lat' dir='ltr'>eius</span> <span class='ocrx_word' id='word_1_308' title='bbox 928 3661 1042 3747; x_wconf 87' lang='lat' dir='ltr'>planus</span> <span class='ocrx_word' id='word_1_309' title='bbox 1063 3675 1095 3725; x_wconf 89' lang='lat' dir='ltr'>et</span> <span class='ocrx_word' id='word_1_310' title='bbox 1115 3661 1256 3748; x_wconf 86' lang='lat' dir='ltr'>vulgaris</span> <span class='ocrx_word' id='word_1_311' title='bbox 1278 3661 1351 3725; x_wconf 89' lang='lat' dir='ltr'>red·</span> 
     </span>
     <span class='ocr_line' id='line_1_34' title="bbox 253 3759 1351 3845; baseline 0.003 -23"><span class='ocrx_word' id='word_1_312' title='bbox 253 3760 341 3824; x_wconf 90' lang='lat' dir='ltr'>ditus</span> <span class='ocrx_word' id='word_1_313' title='bbox 361 3772 419 3825; x_wconf 90' lang='lat' dir='ltr'>est.</span> <span class='ocrx_word' id='word_1_314' title='bbox 451 3759 588 3826; x_wconf 87' lang='lat' dir='ltr'>Accedit</span> <span class='ocrx_word' id='word_1_315' title='bbox 609 3763 695 3845; x_wconf 91' lang='lat' dir='ltr'>quod</span> <span class='ocrx_word' id='word_1_316' title='bbox 723 3785 789 3826; x_wconf 90' lang='lat' dir='ltr'>non</span> <span class='ocrx_word' id='word_1_317' title='bbox 810 3785 883 3826; x_wconf 89' lang='lat' dir='ltr'>raro</span> <span class='ocrx_word' id='word_1_318' title='bbox 913 3762 1062 3825; x_wconf 85' lang='lat' dir='ltr'>latinismi</span> <span class='ocrx_word' id='word_1_319' title='bbox 1091 3775 1123 3826; x_wconf 86' lang='lat' dir='ltr'>et</span> <span class='ocrx_word' id='word_1_320' title='bbox 1149 3762 1351 3841; x_wconf 88' lang='lat' dir='ltr'>Miltonismi,</span> 
     </span>
     <span class='ocr_line' id='line_1_35' title="bbox 253 3860 1351 3950; baseline -0.001 -24"><span class='ocrx_word' id='word_1_321' title='bbox 253 3862 282 3926; x_wconf 90' lang='lat' dir='ltr'>si</span> <span class='ocrx_word' id='word_1_322' title='bbox 303 3860 350 3925; x_wconf 88' lang='lat' dir='ltr'>ita</span> <span class='ocrx_word' id='word_1_323' title='bbox 368 3861 474 3926; x_wconf 87' lang='lat' dir='ltr'>dicere</span> <span class='ocrx_word' id='word_1_324' title='bbox 494 3862 576 3939; x_wconf 89' lang='lat' dir='ltr'>licet,</span> <span class='ocrx_word' id='word_1_325' title='bbox 599 3863 684 3950; x_wconf 89' lang='lat' dir='ltr'>apud</span> <span class='ocrx_word' id='word_1_326' title='bbox 708 3885 780 3926; x_wconf 88' lang='lat' dir='ltr'>eum</span> <span class='ocrx_word' id='word_1_327' title='bbox 802 3863 1013 3948; x_wconf 88' lang='lat' dir='ltr'>reperiuntur,</span> <span class='ocrx_word' id='word_1_328' title='bbox 1035 3860 1151 3946; x_wconf 88' lang='lat' dir='ltr'>quibus</span> <span class='ocrx_word' id='word_1_329' title='bbox 1174 3885 1351 3926; x_wconf 89' lang='lat' dir='ltr'>sermonem</span> 
     </span>
     <span class='ocr_line' id='line_1_36' title="bbox 253 3960 1353 4047; baseline -0.002 -20"><span class='ocrx_word' id='word_1_330' title='bbox 253 3961 396 4046; x_wconf 86' lang='lat' dir='ltr'>alioquin</span> <span class='ocrx_word' id='word_1_331' title='bbox 418 3960 593 4047; x_wconf 86' lang='lat' dir='ltr'>simplicem</span> <span class='ocrx_word' id='word_1_332' title='bbox 615 3974 647 4025; x_wconf 86' lang='lat' dir='ltr'>st</span> <span class='ocrx_word' id='word_1_333' title='bbox 673 3963 795 4026; x_wconf 89' lang='lat' dir='ltr'>nudum</span> <span class='ocrx_word' id='word_1_334' title='bbox 823 3962 1023 4028; x_wconf 86' lang='lat' dir='ltr'>delormavit.</span> <span class='ocrx_word' id='word_1_335' title='bbox 1065 3960 1175 4046; x_wconf 88' lang='lat' dir='ltr'>Atque</span> <span class='ocrx_word' id='word_1_336' title='bbox 1196 3962 1227 4026; x_wconf 90' lang='lat' dir='ltr'>in</span> <span class='ocrx_word' id='word_1_337' title='bbox 1249 3962 1353 4047; x_wconf 87' lang='lat' dir='ltr'>prima</span> 
     </span>
    </p>
   </div>
   <div class='ocr_carea' id='block_1_6' title="bbox 323 4165 1070 4232">
    <p class='ocr_par' dir='ltr' id='par_1_6' title="bbox 323 4165 1070 4232">
     <span class='ocr_line' id='line_1_37' title="bbox 323 4165 1070 4232; baseline 0.003 -18"><span class='ocrx_word' id='word_1_338' title='bbox 323 4167 351 4231; x_wconf 92' lang='lat' dir='ltr'>l)</span> <span class='ocrx_word' id='word_1_339' title='bbox 369 4166 474 4217; x_wconf 80' lang='lat' dir='ltr'>Privato</span> <span class='ocrx_word' id='word_1_340' title='bbox 495 4165 746 4230; x_wconf 65' lang='lat' dir='ltr'>Correrpoadencety</span> <span class='ocrx_word' id='word_1_341' title='bbox 770 4167 877 4218; x_wconf 76' lang='lat' dir='ltr'>ll&#39;illiam</span> <span class='ocrx_word' id='word_1_342' title='bbox 898 4166 1008 4232; x_wconf 75' lang='lat' dir='ltr'>Compar,</span> <span class='ocrx_word' id='word_1_343' title='bbox 1027 4178 1070 4218; x_wconf 84' lang='lat' dir='ltr'>etc.</span> 
     </span>
    </p>
   </div>
   <div class='ocr_carea' id='block_1_7' title="bbox 0 0 1606 5025">
    <p class='ocr_par' dir='ltr' id='par_1_7' title="bbox 0 0 1606 5025">
     <span class='ocr_line' id='line_1_38' title="bbox 0 0 1606 5025; baseline 0 0"><span class='ocrx_word' id='word_1_344' title='bbox 0 0 1606 5025; x_wconf 95' lang='lat' dir='ltr'> </span> 
     </span>
    </p>
   </div>
  </div>
 </body>
</html>
