3175 5025
777 301 797 363 2

240 497 339 584 pratis
361 497 490 586 ingenio
512 499 664 565 iudicium
694 499 771 567 ferri
801 513 914 586 queat:
942 502 1027 568 solos
1053 502 1136 582 illos,
1159 525 1243 587 quos
1266 505 1344 584 dixi,

241 598 413 665 tresviros
435 599 550 685 dignos
572 622 642 666 esse
664 621 789 680 oenseo,
817 602 850 666 in
865 625 946 687 quos
971 602 1067 689 paulo
1090 605 1273 670 accuratius
1297 605 1345 672 in·

242 699 398 783 quiratur.
1288 758 1291 764 .

322 798 476 865 Attamen
496 824 599 887 pauea
613 801 653 867 de
674 802 731 880 eis,
747 802 803 886 qui
818 802 851 866 in
866 804 943 881 duo,
965 825 1047 887 quae
1069 802 1211 879 distinxi,
1233 814 1345 890 poste-

241 900 328 965 riora
347 921 466 986 genera
486 902 598 967 referri
618 915 763 988 possunt,
777 905 980 991 praemittere
993 902 1259 990 operaepretium
1273 903 1344 968 erit.

323 998 433 1084 Atque
454 999 576 1087 primus
597 1001 728 1085 quidem
750 1004 893 1069 omnium
913 1007 1052 1071 lrtlsrss
1077 1006 1139 1068 lull
1161 1001 1345 1068 Homerum

241 1098 274 1162 in
300 1097 442 1185 linguam
468 1099 639 1187 Anglioam
665 1104 837 1174 transferre
863 1116 996 1169 conatus
1025 1126 1109 1168 anno
1141 1125 1173 1189 p.
1202 1098 1284 1167 Chr.
1314 1127 1344 1167 n.

240 1197 470 1266 MDLXXXI
490 1200 602 1265 deeem
628 1200 752 1286 priores
781 1201 892 1267 Iliadis
918 1202 1019 1267 libros
1041 1200 1177 1288 Anglire
1199 1201 1345 1266 redditos

240 1297 349 1362 edidit.
391 1298 444 1363 De
471 1320 536 1382 quo
568 1298 710 1363 Thomas
737 1298 917 1365 Wartonus
943 1299 976 1365 in
1001 1300 1085 1365 libro
1116 1300 1171 1364 illo
1204 1299 1345 1385 optimae

239 1410 451 1484 notae,quem
474 1399 514 1462 de
535 1398 668 1464 historia
688 1422 823 1485 poeseos
837 1399 993 1487 Anglieae
1016 1399 1152 1486 scripsit,
1175 1399 1238 1463 hoe
1260 1399 1344 1465 iudi·

241 1517 311 1571 aat:
336 1506 435 1571 „This
456 1505 637 1572 translation
659 1507 714 1571 das
735 1532 774 1573 no
796 1509 880 1573 other
899 1510 988 1574 merit
1017 1508 1089 1572 than
1116 1508 1180 1571 ttae
1200 1507 1239 1594 of
1256 1508 1345 1593 beinp

240 1607 287 1671 tle
304 1607 380 1694 siret
400 1617 591 1694 appearance
621 1606 659 1693 of
681 1631 701 1671 a
728 1620 804 1695 part
831 1608 869 1693 of
889 1609 936 1675 tlte
961 1608 1049 1673 Iliad
1073 1610 1107 1671 in
1136 1631 1177 1670 an
1207 1606 1345 1693 Enplislr

244 1707 359 1770 dress.r

324 1804 378 1869 De
405 1806 539 1869 lellesll
568 1814 600 1867 et
629 1808 735 1889 aaran
764 1803 965 1871 versionibus
999 1804 1045 1870 sio
1075 1806 1141 1869 fere
1173 1804 1346 1880 iudicatur,

241 1905 325 1991 apud
352 1903 423 1969 illos
456 1903 606 1969 virtutem
637 1906 794 1992 poetieam
822 1928 956 1993 prorsus
986 1904 1171 1969 desiderari.
1220 1904 1345 1991 Papius

241 2028 378 2091 quoque,
391 2027 487 2089 quem
507 2005 656 2071 subtilem
677 2006 816 2072 iudicem
838 2007 888 2071 lris
910 2005 943 2071 in
966 2005 1062 2079 rebus
1076 2004 1260 2069 habendum
1276 2026 1345 2069 esse

240 2120 329 2192 puto,
352 2104 452 2170 simile
474 2106 514 2170 de
535 2105 596 2170 illis
619 2106 772 2172 iudicium
792 2108 871 2171 fert:
896 2107 978 2171 „Ha
995 2106 1173 2190 (Heblee'e)
1187 2116 1295 2191 poetry
1311 2130 1347 2168 aa

240 2207 310 2272 well
329 2231 364 2271 aa
384 2205 527 2293 Opitbp's,
549 2208 577 2270 ie
597 2217 645 2271 too
666 2204 755 2272 rnean
768 2208 827 2293 sor
848 2208 1019 2270 eritieiarw
1049 2206 1161 2290 Neque
1176 2197 1348 2269 defuerunt

244 2305 340 2370 etiam
362 2306 416 2389 qui
438 2303 675 2383 contenderent,
697 2305 729 2369 in
750 2304 911 2370 Hobbesii
932 2305 1077 2370 Homero
1099 2306 1181 2369 duos
1203 2315 1346 2368 tantum-

243 2404 339 2469 modo
363 2426 475 2469 versus
498 2402 631 2489 reperiri
651 2404 768 2490 poetici
783 2404 899 2470 eoloris
915 2405 1052 2490 speeiem
1066 2425 1144 2491 prae
1158 2424 1192 2466 se
1206 2402 1349 2468 ferentes

244 2528 363 2590 eosque
384 2503 448 2592 legi
469 2503 502 2568 in
523 2503 634 2570 Iliadis
654 2505 737 2571 libro
758 2504 840 2573 VL:

443 2611 527 2673 „Now
543 2612 637 2663 lIeetor
654 2622 700 2663 net
716 2613 760 2663 lter
777 2613 835 2664 witi
851 2614 895 2664 lter
912 2614 972 2666 little
990 2616 1044 2679 loy,

447 2694 513 2745 Tlat
531 2695 556 2744 in
574 2694 611 2745 tle
628 2696 721 2747 nuree’s
739 2714 806 2747 arms
823 2714 876 2747 aaa
894 2697 1010 2758 carried3

439 2777 510 2829 And
531 2777 594 2829 like
618 2797 635 2829 a
659 2789 726 2830 star
748 2797 831 2846 upon
853 2780 907 2830 lter
930 2782 1030 2831 bosom
1056 2777 1106 2845 lay

440 2861 502 2911 His
526 2861 682 2925 beautiful
707 2861 767 2912 and
787 2862 913 2928 alininp
932 2862 1049 2929 poldon
1070 2857 1170 2911 beatt‘

241 2952 315 3019 Vna
340 2973 414 3016 oum
439 2951 501 3015 hoo
526 2948 597 3015 loeo
624 2950 745 3035 aliquot
770 2974 883 3017 versus
907 2974 946 3016 ex
973 2952 1076 3037 primo
1093 2947 1176 3015 libro
1195 2948 1345 3032 desump-

240 3065 289 3118 tos
312 3052 425 3116 afferre
451 3050 559 3128 lieeat,
589 3049 706 3135 quibus
735 3064 855 3136 quanta
882 3053 933 3117 ille
960 3051 1056 3117 fuerit
1083 3050 1203 3138 ingenii
1231 3048 1341 3135 inopia

244 3167 339 3238 atque
359 3150 523 3217 ieiunitate
543 3150 656 3217 melius
677 3150 900 3238 intellegatur:

444 3259 511 3322 „Ha
528 3262 580 3309 bow
598 3258 650 3309 aad
666 3260 752 3323 quiver
769 3259 823 3309 botis
841 3258 930 3309 beliad
943 3259 992 3310 lim
1009 3259 1088 3327 lana,

447 3342 499 3393 Tle
517 3334 613 3393 orroeos
630 3342 701 3393 cdinle
719 3361 749 3393 aa
767 3343 831 3407 ersten
850 3362 879 3394 aa
896 3345 926 3395 lte
935 3347 1003 3411 jayr,
1054 3400 1071 3429 ,

443 3424 502 3476 And
519 3444 548 3476 aa
565 3425 595 3475 lte
613 3425 667 3476 siet
683 3425 721 3475 tle
740 3429 791 3477 bore
810 3444 863 3478 was
880 3428 961 3478 leard
977 3439 1000 3479 to
1012 3439 1102 3496 troam,

443 3508 503 3558 And
510 3511 572 3571 first
588 3508 626 3558 itis
644 3527 739 3560 orroeos
746 3511 808 3575 flere
827 3519 853 3559 at
870 3511 944 3561 rnrlee
962 3511 1014 3561 aad
1029 3513 1113 3578 usqae

244 3597 287 3665 G.
309 3598 351 3664 L.
380 3596 520 3664 Craikus
554 3597 587 3662 in
608 3598 724 3676 libro,'
744 3600 794 3664 eui
828 3599 938 3665 titulus
970 3613 1034 3666 est:
1067 3600 1228 3680 „Sketelree
1250 3597 1287 3682 os
1303 3595 1353 3661 tlte

245 3701 374 3785 History
394 3699 620 3786 ofLiterature
646 3702 710 3764 and
729 3701 890 3786 Learninp
917 3703 950 3765 in
976 3700 1143 3787 Enplandr
1173 3699 1235 3762 hoa
1256 3696 1351 3760 dicit:

244 3801 330 3880 „For
351 3800 399 3864 tle
418 3808 496 3864 nwat
510 3809 601 3886 part,
624 3800 746 3876 indeed,
769 3800 918 3866 Helbee’s
944 3800 1032 3864 Iliad
1056 3799 1121 3862 and
1147 3797 1277 3884 Odyaeey
1299 3819 1354 3860 are

244 3925 284 3966 no
306 3901 396 3965 better
423 3900 495 3963 than
523 3901 675 3965 traoeeties
704 3899 741 3985 of
764 3899 924 3976 Homer’e,
954 3898 1001 3963 tle
1026 3921 1110 3963 neore
1140 3899 1293 3961 indurans
1316 3920 1353 3959 aa

245 4002 334 4086 deinp
361 4001 546 4086 andesipned
567 4001 631 4062 ond
648 4001 856 4065 aneoneeione.
900 3997 1003 4063 Never
1032 4024 1096 4064 aaa
1127 4000 1208 4063 there
1228 4019 1249 4059 a
1270 4019 1356 4060 more

245 4099 350 4186 aqnal
368 4121 493 4185 revenpe
512 4099 586 4163 than
607 4099 671 4162 tlrot
687 4098 784 4162 initiale
799 4098 922 4163 Hobbea
944 4099 1082 4187 affordeel
1103 4110 1131 4163 to
1147 4097 1353 4182 imapination
