3175 5025
742 317 842 412 —11—

242 522 288 586 tbe
320 521 485 601 ,Eloiaa,“
513 520 578 583 aad
594 518 704 605 serpet
731 515 780 581 ta
808 527 855 581 too
887 514 1034 580 maleam
1060 514 1196 579 devotion
1229 523 1257 577 to
1284 513 1347 577 tbut

240 621 337 685 tebiab
358 620 498 706 inspirari
517 618 564 682 tlte
584 617 787 695 „Dumiad,“
808 614 855 679 tlte
873 614 972 679 worbi
990 612 1092 678 would
1111 614 1186 676 bace
1200 611 1348 676 bailaued

242 722 289 785 bia
311 741 444 802 memorp
465 717 537 780 witb
557 740 577 780 a
598 716 662 780 atili
680 738 764 780 more
784 714 969 801 affectioaate
989 715 1054 777 aad
1067 723 1250 801 permanent
1269 713 1344 776 iate-

242 830 303 883 reat
325 818 398 880 tbao
421 838 492 881 even
512 815 575 878 ttae
595 815 692 878 abicit
723 816 811 879 weita
832 838 872 879 on
906 812 970 876 dim
997 836 1033 876 aa
1059 833 1115 876 one
1141 811 1250 897 efferar
1270 821 1346 874 meat

245 916 386 980 brilliant
406 916 471 979 aad
489 915 709 1004 accomplisbed
725 914 862 1000 Enple'ab
884 917 1002 1001 poeta!

329 1012 499 1098 Reliquum
514 1026 573 1092 eet,
588 1026 624 1079 ut
644 1036 739 1099 quem
760 1014 867 1078 locum
889 1018 1041 1095 torpens
1067 1010 1099 1073 in
1121 1009 1234 1073 litteris
1252 1007 1346 1094 Ang-

243 1113 311 1178 licis
333 1113 477 1192 tenuerit,
502 1112 654 1179 brevibus
675 1114 920 1177 demonstretur.
956 1110 1148 1177 Guilielmus
1170 1107 1346 1194 Cowperus

245 1236 328 1278 anno
349 1211 608 1280 MDCCXXXI
628 1213 661 1278 in
683 1214 766 1290 vico,
789 1212 844 1295 qui
866 1210 986 1291 ,Greci
1006 1210 1268 1275 Berkbamateed“
1288 1230 1346 1271 vo-

243 1329 347 1393 catur,
364 1316 398 1380 in
419 1315 572 1381 comitatu
593 1312 826 1378 Hertiordiano
848 1311 920 1388 sito,
938 1312 972 1375 in
990 1311 1090 1375 vitam
1103 1308 1267 1393 ingressus
1287 1321 1345 1371 est.

242 1412 388 1500 Corpore
409 1412 506 1478 debili
528 1426 560 1477 et
580 1424 696 1476 natura
708 1411 828 1497 pavida
847 1410 1011 1496 praeditus
1033 1422 1138 1473 tamen
1160 1406 1277 1492 leporis
1297 1406 1347 1470 fa·

241 1515 460 1597 oet-iarumque
483 1535 579 1577 sensu
593 1534 658 1575 non
672 1508 812 1576 carebat.
854 1509 1032 1574 Hominum
1047 1505 1175 1593 ingenia
1189 1516 1220 1569 et
1241 1526 1346 1569 mores

242 1614 323 1678 bene
339 1612 438 1689 novit,
453 1611 510 1676 sed
523 1633 583 1697 pro
599 1610 696 1675 animi
711 1609 879 1674 timiditate
892 1609 1021 1695 publico
1038 1629 1168 1673 munere
1183 1627 1346 1689 nunquam

242 1714 370 1777 functus
392 1722 450 1775 est.
491 1711 531 1774 Id
553 1710 637 1774 enim
657 1711 860 1797 potissimum
881 1708 1055 1796 spectabat,
1078 1719 1113 1772 ut
1132 1706 1193 1772 sibi
1215 1706 1274 1772 soli
1294 1729 1347 1770 so·

241 1811 293 1875 lus
316 1811 448 1874 viveret.
490 1809 574 1876 Nam
594 1810 659 1875 iar’n
680 1811 755 1875 inde
777 1832 797 1874 a
816 1810 953 1895 pueritia
974 1809 1134 1874 interdum
1155 1807 1252 1872 animi
1273 1829 1348 1893 per-

245 1908 436 1986 turbatione,
459 1909 689 1995 posterioribus
712 1920 819 1974 autem
839 1908 923 1973 vitae
938 1908 1029 1972 annis
1047 1930 1277 1991 nonnunquam
1297 1906 1348 1993 ip-

245 2008 312 2072 sius
334 2007 480 2072 vesaniae
501 2007 593 2093 gravi
613 2009 735 2094 impetu
755 2020 888 2074 vexatus
911 2020 969 2073 est.
1004 2005 1135 2090 Quare
1157 2021 1346 2084 commotus,

244 2106 389 2171 Londini
411 2107 547 2172 tumultu
559 2107 679 2185 relicto,
701 2131 758 2172 rus
781 2130 815 2172 se
836 2108 965 2194 recepit,
987 2107 1045 2173 ubi
1066 2107 1205 2192 quietam
1219 2099 1345 2172 aeoomss

245 2209 470 2291 modestamque
491 2220 623 2273 naturae
645 2231 721 2273 suae
743 2209 841 2273 vitam
856 2210 944 2296 degit
962 2232 1029 2275 una
1046 2233 1120 2275 cum
1135 2209 1244 2274 amicis
1266 2231 1347 2272 non-

244 2309 339 2373 nullis
360 2308 518 2386 fidelibus,
541 2308 658 2392 quibus
679 2309 851 2393 aliquando
866 2310 1009 2395 contigit,
1033 2322 1071 2375 ut
1084 2309 1153 2374 eius
1175 2309 1272 2374 animi
1294 2331 1347 2372 ae-

241 2408 437 2495 gritudinem
459 2409 613 2473 tollerent.
656 2408 753 2474 Poesi
774 2432 906 2495 operam
926 2409 1056 2473 navavit
1082 2408 1346 2493 quinquagesimo

243 2511 326 2574 vitae
362 2533 445 2574 anno
478 2509 608 2574 iamiam
643 2522 782 2596 peracto.
846 2509 956 2576 Prima
987 2509 1056 2574 eius
1086 2508 1228 2573 earmina
1262 2531 1346 2572 anno

240 2607 548 2676 MDCCLXXXII
569 2609 655 2674 edita
673 2623 756 2675 sum.
799 2610 921 2675 Tomus
943 2609 1023 2673 alter
1046 2609 1078 2673 iu
1105 2608 1208 2673 lucem
1227 2608 1349 2693 prodiit

244 2731 327 2773 anno
348 2706 664 2787 MDCCLXXXV,
687 2710 743 2794 qui
763 2708 951 2774 inscribitur
975 2709 1064 2787 ,Tbe
1089 2708 1200 2785 Taak,“
1221 2707 1346 2792 dequo

245 2820 390 2895 poemate
412 2808 466 2872 illo
486 2819 628 2894 tempore
649 2810 792 2874 omnium
814 2831 947 2874 assensu
962 2806 1169 2893 comprobato
1184 2806 1346 2873 Robertus

245 2907 440 2991 Southeyus,
462 2908 518 2991 qui
545 2930 643 2994 opera
665 2907 815 2995 Cowperi
840 2908 965 2973 edenda
989 2908 1129 2986 curavit,
1156 2908 1348 2973 haecdicit:

247 3007 362 3084 „„Tlre
388 3009 488 3072 Taak“
508 3021 622 3074 wae‘at
648 3034 719 3075 oeae
745 3011 938 3098 descriptiva,
964 3009 1079 3087 marai,
1107 3011 1171 3073 aad
1196 3010 1343 3072 satiricat.

251 3108 314 3172 Tte
334 3109 511 3196 deamptiea
525 3121 616 3196 parta
636 3112 817 3196 everywhere
837 3112 908 3175 bore
928 3112 1063 3175 evidence
1083 3111 1120 3196 os
1135 3133 1155 3173 a
1176 3110 1346 3196 tboapbtfal
1431 3122 1436 3135 ·

245 3208 334 3270 mind
355 3209 419 3270 aad
439 3232 459 3271 a
478 3208 575 3293 partile
594 3210 695 3296 spirit,
717 3233 752 3273 aa
765 3209 835 3273 well
847 3233 882 3273 aa
903 3209 941 3294 os
956 3233 997 3273 aa
1018 3211 1176 3274 observant
1196 3234 1261 3296 ape3
1282 3213 1347 3274 aad

246 3308 295 3371 tlte
320 3308 421 3372 earet
446 3310 601 3373 sentiment
629 3309 726 3372 rebicb
749 3311 918 3396 paroaded,
935 3310 1013 3374 mem
1035 3332 1111 3395 poce
1137 3334 1158 3374 a
1183 3310 1289 3374 aberra
1315 3313 1349 3374 ia

245 3407 344 3471 wliieb
365 3408 543 3495 descriptiva
557 3418 666 3493 poebp
687 3409 714 3472 ia
734 3408 813 3493 <pieri
825 3408 931 3494 found
949 3410 1094 3495 werdina.
1122 3409 1196 3474 Tite
1217 3411 1279 3474 beat
1299 3412 1348 3473 di·

246 3509 343 3570 dactia
358 3530 482 3594 poema,
505 3507 591 3571 when
611 3510 774 3595 compared
792 3509 865 3572 raith
886 3509 933 3574 tbe
959 3510 1054 3586 Taak,
1081 3532 1135 3574 are
1157 3508 1214 3574 libe
1226 3511 1350 3596 formal

243 3608 377 3691 pardem
398 3610 431 3672 io
453 3611 646 3696 campariaco
666 3610 738 3674 mitit
752 3610 914 3674 woodlaad
927 3613 1078 3695 scanary.“
1108 3606 1173 3675 Sed
1195 3609 1256 3673 illis
1270 3632 1348 3695 poe·

246 3704 341 3769 matis
362 3706 600 3772 conscribendis
623 3705 774 3793 Cowperi
797 3708 846 3773 ris
866 3708 986 3796 ingenii
1008 3709 1099 3773 valde
1118 3708 1246 3773 videtur
1267 3721 1347 3774 atte-

320 3959 346 4025 l)
364 3957 471 4009 Privata
490 3958 699 4026 correspondente
717 3960 865 4025 ‹ffWillium
884 3959 987 4024 Compar
1005 3958 1061 4012 with
1077 3957 1176 4008 several
1192 3959 1223 4022 os
1234 3959 1272 4010 bia
1289 3971 1349 4010 sitast

247 4044 356 4096 intimate
364 4040 476 4107 friends.
498 4041 708 4108 Pbbb'abedfrom
726 4043 764 4093 tite
782 4041 908 4109 Ort'qiaola
925 4041 950 4091 ia
968 4042 1006 4091 tbe
1020 4039 1161 4106 paaaeaaiaa
1178 4042 1209 4106 of
1220 4040 1257 4092 irie
1270 4043 1347 4092 Kina-

247 4146 313 4189 mca,
330 4126 398 4179 John
415 4124 534 4187 Johnson,
551 4125 583 4177 L.
600 4127 633 4177 L.
651 4127 686 4178 D.
716 4127 743 4177 3.
759 4124 847 4178 EM
870 4123 923 4176 Vei.
948 4123 1053 4176 Loudoa
1068 4123 1148 4175 1821.
