<?xml version="1.0" encoding="UTF-8"?>
<!DOCTYPE html PUBLIC "-//W3C//DTD XHTML 1.0 Transitional//EN"
    "http://www.w3.org/TR/xhtml1/DTD/xhtml1-transitional.dtd">
<html xmlns="http://www.w3.org/1999/xhtml" xml:lang="en" lang="en">
 <head>
  <title>
</title>
<meta http-equiv="Content-Type" content="text/html;charset=utf-8" />
  <meta name='ocr-system' content='tesseract 3.04.00' />
  <meta name='ocr-capabilities' content='ocr_page ocr_carea ocr_par ocr_line ocrx_word'/>
</head>
<body>
  <div class='ocr_page' id='page_1' title='image "./versioneshomeri00penogoog_0035.png"; bbox 0 0 3175 5025; ppageno 0'>
   <div class='ocr_carea' id='block_1_1' title="bbox 776 366 847 460">
    <p class='ocr_par' dir='ltr' id='par_1_1' title="bbox 776 366 847 460">
     <span class='ocr_line' id='line_1_1' title="bbox 776 366 847 460; baseline -0.028 -31"><span class='ocrx_word' id='word_1_1' title='bbox 776 366 847 460; x_wconf 23' lang='lat'><strong>27·-</strong></span> 
     </span>
    </p>
   </div>
   <div class='ocr_carea' id='block_1_2' title="bbox 238 565 1435 3861">
    <p class='ocr_par' dir='ltr' id='par_1_2' title="bbox 242 565 1435 2932">
     <span class='ocr_line' id='line_1_2' title="bbox 245 565 1348 656; baseline -0.005 -21"><span class='ocrx_word' id='word_1_2' title='bbox 245 569 384 656; x_wconf 86' lang='lat' dir='ltr'>speciem</span> <span class='ocrx_word' id='word_1_3' title='bbox 405 592 482 656; x_wconf 77' lang='lat' dir='ltr'>prae</span> <span class='ocrx_word' id='word_1_4' title='bbox 504 590 538 634; x_wconf 88' lang='lat' dir='ltr'>se</span> <span class='ocrx_word' id='word_1_5' title='bbox 559 570 650 634; x_wconf 86' lang='lat' dir='ltr'>ferat.</span> <span class='ocrx_word' id='word_1_6' title='bbox 693 566 797 655; x_wconf 81' lang='lat' dir='ltr'>Saepe</span> <span class='ocrx_word' id='word_1_7' title='bbox 818 591 891 632; x_wconf 90' lang='lat' dir='ltr'>eum</span> <span class='ocrx_word' id='word_1_8' title='bbox 913 568 955 632; x_wconf 85' lang='lat' dir='ltr'>ad</span> <span class='ocrx_word' id='word_1_9' title='bbox 969 566 1149 654; x_wconf 72' lang='lat' dir='ltr'>Chrpmnui</span> <span class='ocrx_word' id='word_1_10' title='bbox 1170 565 1348 631; x_wconf 83' lang='lat' dir='ltr'>versionem</span> 
     </span>
     <span class='ocr_line' id='line_1_3' title="bbox 242 665 1349 757; baseline -0.006 -21"><span class='ocrx_word' id='word_1_11' title='bbox 242 670 437 757; x_wconf 81' lang='lat' dir='ltr'>confugisse,</span> <span class='ocrx_word' id='word_1_12' title='bbox 462 669 656 735; x_wconf 92' lang='lat' dir='ltr'>Iohnsonius</span> <span class='ocrx_word' id='word_1_13' title='bbox 685 682 797 734; x_wconf 82' lang='lat' dir='ltr'>auctor</span> <span class='ocrx_word' id='word_1_14' title='bbox 829 679 887 733; x_wconf 84' lang='lat' dir='ltr'>est.</span> <span class='ocrx_word' id='word_1_15' title='bbox 914 666 1026 747; x_wconf 74' lang='lat' dir='ltr'>„Wat</span> <span class='ocrx_word' id='word_1_16' title='bbox 1057 666 1247 755; x_wconf 75' lang='lat' dir='ltr'>Ciapman‚“</span> <span class='ocrx_word' id='word_1_17' title='bbox 1271 665 1349 730; x_wconf 87' lang='lat' dir='ltr'>dicit</span> 
     </span>
     <span class='ocr_line' id='line_1_4' title="bbox 242 767 1349 856; baseline -0.004 -21"><span class='ocrx_word' id='word_1_18' title='bbox 242 771 295 835; x_wconf 89' lang='lat' dir='ltr'>ille</span> <span class='ocrx_word' id='word_1_19' title='bbox 306 772 341 855; x_wconf 85' lang='lat'>¹),</span> <span class='ocrx_word' id='word_1_20' title='bbox 364 771 400 835; x_wconf 78' lang='lat' dir='ltr'>ie</span> <span class='ocrx_word' id='word_1_21' title='bbox 421 770 485 834; x_wconf 80' lang='lat' dir='ltr'>iad</span> <span class='ocrx_word' id='word_1_22' title='bbox 504 793 574 855; x_wconf 76' lang='lat' dir='ltr'>very</span> <span class='ocrx_word' id='word_1_23' title='bbox 587 769 734 856; x_wconf 75' lang='lat' dir='ltr'><em>frequent</em></span> <span class='ocrx_word' id='word_1_24' title='bbox 755 768 985 846; x_wconf 62' lang='lat' dir='ltr'>consultatione,</span> <span class='ocrx_word' id='word_1_25' title='bbox 1018 769 1082 833; x_wconf 84' lang='lat' dir='ltr'>and</span> <span class='ocrx_word' id='word_1_26' title='bbox 1104 767 1241 856; x_wconf 73' lang='lat' dir='ltr'>perhaps</span> <span class='ocrx_word' id='word_1_27' title='bbox 1260 789 1349 832; x_wconf 82' lang='lat' dir='ltr'>never</span> 
     </span>
     <span class='ocr_line' id='line_1_5' title="bbox 246 866 1346 955; baseline -0.003 -22"><span class='ocrx_word' id='word_1_28' title='bbox 246 870 413 935; x_wconf 82' lang='lat' dir='ltr'>translated</span> <span class='ocrx_word' id='word_1_29' title='bbox 432 892 493 955; x_wconf 75' lang='lat' dir='ltr'>any</span> <span class='ocrx_word' id='word_1_30' title='bbox 508 891 643 955; x_wconf 70' lang='lat' dir='ltr'>passaqe</span> <span class='ocrx_word' id='word_1_31' title='bbox 663 868 711 932; x_wconf 82' lang='lat' dir='ltr'>till</span> <span class='ocrx_word' id='word_1_32' title='bbox 729 869 765 932; x_wconf 78' lang='lat' dir='ltr'>ie</span> <span class='ocrx_word' id='word_1_33' title='bbox 786 868 850 931; x_wconf 76' lang='lat' dir='ltr'>had</span> <span class='ocrx_word' id='word_1_34' title='bbox 869 869 945 933; x_wconf 85' lang='lat' dir='ltr'>read</span> <span class='ocrx_word' id='word_1_35' title='bbox 965 867 1014 932; x_wconf 79' lang='lat' dir='ltr'>die</span> <span class='ocrx_word' id='word_1_36' title='bbox 1034 869 1164 944; x_wconf 67' lang='lat' dir='ltr'>casiam</span> <span class='ocrx_word' id='word_1_37' title='bbox 1183 866 1281 931; x_wconf 74' lang='lat' dir='ltr'>wirici</span> <span class='ocrx_word' id='word_1_38' title='bbox 1297 868 1346 932; x_wconf 90' lang='lat' dir='ltr'>in·</span> 
     </span>
     <span class='ocr_line' id='line_1_6' title="bbox 245 969 1347 1059; baseline 0 -25"><span class='ocrx_word' id='word_1_39' title='bbox 245 971 320 1035; x_wconf 82' lang='lat' dir='ltr'>daed</span> <span class='ocrx_word' id='word_1_40' title='bbox 341 970 376 1036; x_wconf 75' lang='lat' dir='ltr'>tre</span> <span class='ocrx_word' id='word_1_41' title='bbox 407 971 464 1035; x_wconf 75' lang='lat' dir='ltr'>lias</span> <span class='ocrx_word' id='word_1_42' title='bbox 491 972 562 1036; x_wconf 86' lang='lat' dir='ltr'>been</span> <span class='ocrx_word' id='word_1_43' title='bbox 583 973 749 1035; x_wconf 80' lang='lat' dir='ltr'>sometimes</span> <span class='ocrx_word' id='word_1_44' title='bbox 774 973 928 1059; x_wconf 78' lang='lat' dir='ltr'>eaepeeted</span> <span class='ocrx_word' id='word_1_45' title='bbox 947 971 984 1055; x_wconf 86' lang='lat' dir='ltr'>os</span> <span class='ocrx_word' id='word_1_46' title='bbox 999 972 1090 1056; x_wconf 72' lang='lat' dir='ltr'>asinp</span> <span class='ocrx_word' id='word_1_47' title='bbox 1110 971 1229 1035; x_wconf 83' lang='lat' dir='ltr'>instead</span> <span class='ocrx_word' id='word_1_48' title='bbox 1248 969 1285 1054; x_wconf 80' lang='lat' dir='ltr'>of</span> <span class='ocrx_word' id='word_1_49' title='bbox 1300 970 1347 1034; x_wconf 74' lang='lat' dir='ltr'>tlte</span> 
     </span>
     <span class='ocr_line' id='line_1_7' title="bbox 246 1069 1347 1157; baseline 0.001 -24"><span class='ocrx_word' id='word_1_50' title='bbox 246 1069 412 1155; x_wconf 74' lang='lat' dir='ltr'>oripinal.“</span> <span class='ocrx_word' id='word_1_51' title='bbox 453 1070 523 1135; x_wconf 87' lang='lat' dir='ltr'>Iam</span> <span class='ocrx_word' id='word_1_52' title='bbox 545 1092 644 1156; x_wconf 83' lang='lat' dir='ltr'>supra</span> <span class='ocrx_word' id='word_1_53' title='bbox 663 1071 760 1135; x_wconf 88' lang='lat' dir='ltr'>etiam</span> <span class='ocrx_word' id='word_1_54' title='bbox 781 1070 986 1136; x_wconf 87' lang='lat' dir='ltr'>observatum</span> <span class='ocrx_word' id='word_1_55' title='bbox 1008 1081 1067 1147; x_wconf 84' lang='lat' dir='ltr'>est,</span> <span class='ocrx_word' id='word_1_56' title='bbox 1101 1093 1251 1157; x_wconf 85' lang='lat' dir='ltr'>magnam</span> <span class='ocrx_word' id='word_1_57' title='bbox 1279 1070 1347 1157; x_wconf 90' lang='lat' dir='ltr'>epi-</span> 
     </span>
     <span class='ocr_line' id='line_1_8' title="bbox 248 1167 1347 1256; baseline 0.003 -24"><span class='ocrx_word' id='word_1_58' title='bbox 248 1169 407 1234; x_wconf 82' lang='lat' dir='ltr'>thetorum</span> <span class='ocrx_word' id='word_1_59' title='bbox 427 1170 553 1256; x_wconf 84' lang='lat' dir='ltr'>copiam</span> <span class='ocrx_word' id='word_1_60' title='bbox 573 1193 592 1233; x_wconf 85' lang='lat' dir='ltr'>a</span> <span class='ocrx_word' id='word_1_61' title='bbox 614 1167 804 1256; x_wconf 87' lang='lat' dir='ltr'>Chapmnno</span> <span class='ocrx_word' id='word_1_62' title='bbox 830 1171 1033 1236; x_wconf 86' lang='lat' dir='ltr'>inventorum</span> <span class='ocrx_word' id='word_1_63' title='bbox 1053 1170 1192 1256; x_wconf 86' lang='lat' dir='ltr'>Pupium</span> <span class='ocrx_word' id='word_1_64' title='bbox 1219 1171 1252 1235; x_wconf 90' lang='lat' dir='ltr'>in</span> <span class='ocrx_word' id='word_1_65' title='bbox 1273 1193 1347 1235; x_wconf 91' lang='lat' dir='ltr'>ver·</span> 
     </span>
     <span class='ocr_line' id='line_1_9' title="bbox 246 1269 1344 1356; baseline 0.001 -23"><span class='ocrx_word' id='word_1_66' title='bbox 246 1269 368 1333; x_wconf 87' lang='lat' dir='ltr'>sionem</span> <span class='ocrx_word' id='word_1_67' title='bbox 400 1292 491 1334; x_wconf 87' lang='lat' dir='ltr'>suam</span> <span class='ocrx_word' id='word_1_68' title='bbox 522 1270 690 1356; x_wconf 82' lang='lat' dir='ltr'>recepisse.</span> <span class='ocrx_word' id='word_1_69' title='bbox 732 1269 841 1334; x_wconf 86' lang='lat' dir='ltr'>Hodie</span> <span class='ocrx_word' id='word_1_70' title='bbox 873 1270 919 1335; x_wconf 88' lang='lat' dir='ltr'>sic</span> <span class='ocrx_word' id='word_1_71' title='bbox 950 1271 1017 1334; x_wconf 83' lang='lat' dir='ltr'>fere</span> <span class='ocrx_word' id='word_1_72' title='bbox 1050 1270 1211 1335; x_wconf 82' lang='lat' dir='ltr'>iudicatur</span> <span class='ocrx_word' id='word_1_73' title='bbox 1247 1270 1344 1356; x_wconf 89' lang='lat' dir='ltr'>Popii</span> 
     </span>
     <span class='ocr_line' id='line_1_10' title="bbox 247 1370 1348 1457; baseline 0 -22"><span class='ocrx_word' id='word_1_74' title='bbox 247 1394 373 1457; x_wconf 84' lang='lat' dir='ltr'>poema,</span> <span class='ocrx_word' id='word_1_75' title='bbox 394 1371 421 1436; x_wconf 91' lang='lat' dir='ltr'>si</span> <span class='ocrx_word' id='word_1_76' title='bbox 443 1370 549 1437; x_wconf 88' lang='lat' dir='ltr'>versio</span> <span class='ocrx_word' id='word_1_77' title='bbox 572 1371 748 1435; x_wconf 77' lang='lat' dir='ltr'>ceruinam</span> <span class='ocrx_word' id='word_1_78' title='bbox 760 1370 1009 1436; x_wconf 88' lang='lat' dir='ltr'>Homericorum</span> <span class='ocrx_word' id='word_1_79' title='bbox 1030 1392 1100 1435; x_wconf 87' lang='lat' dir='ltr'>esse</span> <span class='ocrx_word' id='word_1_80' title='bbox 1120 1370 1210 1447; x_wconf 87' lang='lat' dir='ltr'>velit,</span> <span class='ocrx_word' id='word_1_81' title='bbox 1230 1370 1348 1435; x_wconf 88' lang='lat' dir='ltr'>nullius</span> 
     </span>
     <span class='ocr_line' id='line_1_11' title="bbox 242 1468 1347 1557; baseline 0.001 -22"><span class='ocrx_word' id='word_1_82' title='bbox 242 1471 336 1557; x_wconf 86' lang='lat' dir='ltr'>pretii</span> <span class='ocrx_word' id='word_1_83' title='bbox 368 1468 553 1536; x_wconf 85' lang='lat' dir='ltr'>habendum</span> <span class='ocrx_word' id='word_1_84' title='bbox 585 1493 665 1535; x_wconf 88' lang='lat' dir='ltr'>esse.</span> <span class='ocrx_word' id='word_1_85' title='bbox 707 1469 917 1555; x_wconf 83' lang='lat' dir='ltr'>Macuulnyus</span> <span class='ocrx_word' id='word_1_86' title='bbox 929 1472 958 1555; x_wconf 84' lang='lat'>²)</span> <span class='ocrx_word' id='word_1_87' title='bbox 979 1470 1075 1557; x_wconf 90' lang='lat' dir='ltr'>Popii</span> <span class='ocrx_word' id='word_1_88' title='bbox 1098 1481 1129 1535; x_wconf 87' lang='lat' dir='ltr'>et</span> <span class='ocrx_word' id='word_1_89' title='bbox 1149 1470 1283 1536; x_wconf 84' lang='lat' dir='ltr'>Tickelli</span> <span class='ocrx_word' id='word_1_90' title='bbox 1304 1471 1347 1536; x_wconf 89' lang='lat' dir='ltr'>de</span> 
     </span>
     <span class='ocr_line' id='line_1_12' title="bbox 242 1569 1347 1656; baseline 0.001 -22"><span class='ocrx_word' id='word_1_91' title='bbox 242 1569 394 1656; x_wconf 83' lang='lat' dir='ltr'>operibus</span> <span class='ocrx_word' id='word_1_92' title='bbox 425 1570 559 1656; x_wconf 85' lang='lat' dir='ltr'>poeticis</span> <span class='ocrx_word' id='word_1_93' title='bbox 588 1592 685 1654; x_wconf 85' lang='lat' dir='ltr'>quam</span> <span class='ocrx_word' id='word_1_94' title='bbox 717 1569 831 1635; x_wconf 79' lang='lat' dir='ltr'>acerbe</span> <span class='ocrx_word' id='word_1_95' title='bbox 864 1584 930 1635; x_wconf 76' lang='lat' dir='ltr'>tam</span> <span class='ocrx_word' id='word_1_96' title='bbox 958 1592 1033 1635; x_wconf 88' lang='lat' dir='ltr'>vere</span> <span class='ocrx_word' id='word_1_97' title='bbox 1053 1570 1216 1637; x_wconf 83' lang='lat' dir='ltr'>iudicarit.</span> <span class='ocrx_word' id='word_1_98' title='bbox 1256 1570 1347 1636; x_wconf 88' lang='lat' dir='ltr'>Dicit</span> 
     </span>
     <span class='ocr_line' id='line_1_13' title="bbox 242 1668 1346 1755; baseline 0 -21"><span class='ocrx_word' id='word_1_99' title='bbox 242 1671 329 1734; x_wconf 87' lang='lat' dir='ltr'>enim</span> <span class='ocrx_word' id='word_1_100' title='bbox 350 1670 432 1734; x_wconf 66' lang='lat' dir='ltr'>hooc</span> <span class='ocrx_word' id='word_1_101' title='bbox 458 1668 608 1749; x_wconf 78' lang='lat' dir='ltr'>„Neitire&#39;r</span> <span class='ocrx_word' id='word_1_102' title='bbox 633 1669 670 1755; x_wconf 87' lang='lat' dir='ltr'>of</span> <span class='ocrx_word' id='word_1_103' title='bbox 688 1669 735 1735; x_wconf 75' lang='lat' dir='ltr'>tlte</span> <span class='ocrx_word' id='word_1_104' title='bbox 755 1669 852 1735; x_wconf 79' lang='lat' dir='ltr'>rivale</span> <span class='ocrx_word' id='word_1_105' title='bbox 873 1694 931 1735; x_wconf 88' lang='lat' dir='ltr'>ean</span> <span class='ocrx_word' id='word_1_106' title='bbox 952 1671 987 1735; x_wconf 82' lang='lat' dir='ltr'>he</span> <span class='ocrx_word' id='word_1_107' title='bbox 1007 1672 1077 1735; x_wconf 82' lang='lat' dir='ltr'>said</span> <span class='ocrx_word' id='word_1_108' title='bbox 1097 1681 1126 1735; x_wconf 87' lang='lat' dir='ltr'>to</span> <span class='ocrx_word' id='word_1_109' title='bbox 1148 1672 1223 1737; x_wconf 77' lang='lat' dir='ltr'>iare</span> <span class='ocrx_word' id='word_1_110' title='bbox 1244 1682 1346 1735; x_wconf 71' lang='lat' dir='ltr'>nans·</span> 
     </span>
     <span class='ocr_line' id='line_1_14' title="bbox 245 1769 1347 1848; baseline 0.002 -15"><span class='ocrx_word' id='word_1_111' title='bbox 245 1770 325 1833; x_wconf 86' lang='lat' dir='ltr'>iated</span> <span class='ocrx_word' id='word_1_112' title='bbox 345 1769 393 1834; x_wconf 78' lang='lat' dir='ltr'>tie</span> <span class='ocrx_word' id='word_1_113' title='bbox 412 1769 509 1846; x_wconf 80' lang='lat' dir='ltr'>Iliad,</span> <span class='ocrx_word' id='word_1_114' title='bbox 531 1769 645 1848; x_wconf 79' lang='lat' dir='ltr'>unless,</span> <span class='ocrx_word' id='word_1_115' title='bbox 667 1771 784 1847; x_wconf 79' lang='lat' dir='ltr'>indeed,</span> <span class='ocrx_word' id='word_1_116' title='bbox 808 1770 856 1835; x_wconf 76' lang='lat' dir='ltr'>tlte</span> <span class='ocrx_word' id='word_1_117' title='bbox 875 1771 962 1835; x_wconf 86' lang='lat' dir='ltr'>word</span> <span class='ocrx_word' id='word_1_118' title='bbox 981 1770 1162 1836; x_wconf 74' lang='lat' dir='ltr'>traneiztion</span> <span class='ocrx_word' id='word_1_119' title='bbox 1177 1772 1212 1835; x_wconf 83' lang='lat' dir='ltr'>de</span> <span class='ocrx_word' id='word_1_120' title='bbox 1225 1772 1300 1836; x_wconf 81' lang='lat' dir='ltr'>need</span> <span class='ocrx_word' id='word_1_121' title='bbox 1312 1773 1347 1835; x_wconf 92' lang='lat' dir='ltr'>in</span> 
     </span>
     <span class='ocr_line' id='line_1_15' title="bbox 246 1868 1346 1956; baseline 0.001 -26"><span class='ocrx_word' id='word_1_122' title='bbox 246 1868 293 1931; x_wconf 79' lang='lat' dir='ltr'>the</span> <span class='ocrx_word' id='word_1_123' title='bbox 313 1890 396 1932; x_wconf 80' lang='lat' dir='ltr'>sense</span> <span class='ocrx_word' id='word_1_124' title='bbox 415 1868 513 1931; x_wconf 69' lang='lat' dir='ltr'>atim</span> <span class='ocrx_word' id='word_1_125' title='bbox 538 1869 562 1933; x_wconf 90' lang='lat' dir='ltr'>it</span> <span class='ocrx_word' id='word_1_126' title='bbox 588 1869 675 1933; x_wconf 82' lang='lat' dir='ltr'>bears</span> <span class='ocrx_word' id='word_1_127' title='bbox 712 1869 746 1933; x_wconf 89' lang='lat' dir='ltr'>in</span> <span class='ocrx_word' id='word_1_128' title='bbox 773 1869 821 1934; x_wconf 77' lang='lat' dir='ltr'>the</span> <span class='ocrx_word' id='word_1_129' title='bbox 846 1869 1051 1934; x_wconf 73' lang='lat' dir='ltr'>Midsammer</span> <span class='ocrx_word' id='word_1_130' title='bbox 1070 1870 1193 1956; x_wconf 70' lang='lat' dir='ltr'>Niptris</span> <span class='ocrx_word' id='word_1_131' title='bbox 1214 1871 1346 1937; x_wconf 88' lang='lat' dir='ltr'>Dream.</span> 
     </span>
     <span class='ocr_line' id='line_1_16' title="bbox 256 1966 1345 2055; baseline 0.007 -26"><span class='ocrx_word' id='word_1_132' title='bbox 256 1966 351 2031; x_wconf 79' lang='lat' dir='ltr'>eren</span> <span class='ocrx_word' id='word_1_133' title='bbox 372 1968 496 2031; x_wconf 81' lang='lat' dir='ltr'>Battara</span> <span class='ocrx_word' id='word_1_134' title='bbox 516 1967 617 2032; x_wconf 80' lang='lat' dir='ltr'>makes</span> <span class='ocrx_word' id='word_1_135' title='bbox 638 1968 687 2032; x_wconf 79' lang='lat' dir='ltr'>iris</span> <span class='ocrx_word' id='word_1_136' title='bbox 707 1989 898 2055; x_wconf 79' lang='lat' dir='ltr'>appearance</span> <span class='ocrx_word' id='word_1_137' title='bbox 923 1968 996 2031; x_wconf 76' lang='lat' dir='ltr'>witi</span> <span class='ocrx_word' id='word_1_138' title='bbox 1020 1991 1062 2032; x_wconf 92' lang='lat' dir='ltr'>an</span> <span class='ocrx_word' id='word_1_139' title='bbox 1089 1970 1164 2034; x_wconf 81' lang='lat' dir='ltr'>aes’s</span> <span class='ocrx_word' id='word_1_140' title='bbox 1188 1971 1267 2035; x_wconf 80' lang='lat' dir='ltr'>head</span> <span class='ocrx_word' id='word_1_141' title='bbox 1294 1974 1345 2037; x_wconf 91' lang='lat' dir='ltr'>in·</span> 
     </span>
     <span class='ocr_line' id='line_1_17' title="bbox 245 2065 1346 2152; baseline 0.006 -23"><span class='ocrx_word' id='word_1_142' title='bbox 245 2066 381 2152; x_wconf 79' lang='lat' dir='ltr'>steodof</span> <span class='ocrx_word' id='word_1_143' title='bbox 391 2066 439 2129; x_wconf 79' lang='lat' dir='ltr'>iis</span> <span class='ocrx_word' id='word_1_144' title='bbox 459 2089 537 2143; x_wconf 87' lang='lat' dir='ltr'>own,</span> <span class='ocrx_word' id='word_1_145' title='bbox 557 2066 647 2131; x_wconf 85' lang='lat' dir='ltr'>Peter</span> <span class='ocrx_word' id='word_1_146' title='bbox 665 2065 779 2147; x_wconf 83' lang='lat' dir='ltr'>Quinee</span> <span class='ocrx_word' id='word_1_147' title='bbox 793 2068 954 2133; x_wconf 81' lang='lat' dir='ltr'>eaelaims:</span> <span class='ocrx_word' id='word_1_148' title='bbox 974 2069 1088 2147; x_wconf 80' lang='lat' dir='ltr'>„Biese</span> <span class='ocrx_word' id='word_1_149' title='bbox 1109 2070 1192 2135; x_wconf 78' lang='lat' dir='ltr'>thee!</span> <span class='ocrx_word' id='word_1_150' title='bbox 1210 2072 1346 2150; x_wconf 84' lang='lat' dir='ltr'>Bottanr,</span> 
     </span>
     <span class='ocr_line' id='line_1_18' title="bbox 246 2164 1345 2259; baseline 0.005 -29"><span class='ocrx_word' id='word_1_151' title='bbox 246 2166 329 2231; x_wconf 66' lang='lat' dir='ltr'>blesa,</span> <span class='ocrx_word' id='word_1_152' title='bbox 346 2165 434 2231; x_wconf 76' lang='lat' dir='ltr'>thee!</span> <span class='ocrx_word' id='word_1_153' title='bbox 460 2164 608 2231; x_wconf 77' lang='lat' dir='ltr'>etna-arr</span> <span class='ocrx_word' id='word_1_154' title='bbox 633 2166 830 2231; x_wconf 84' lang='lat' dir='ltr'>translated.“</span> <span class='ocrx_word' id='word_1_155' title='bbox 870 2169 912 2232; x_wconf 91' lang='lat' dir='ltr'>In</span> <span class='ocrx_word' id='word_1_156' title='bbox 939 2169 1000 2232; x_wconf 79' lang='lat' dir='ltr'>etis</span> <span class='ocrx_word' id='word_1_157' title='bbox 1026 2192 1109 2234; x_wconf 79' lang='lat' dir='ltr'>sense</span> <span class='ocrx_word' id='word_1_158' title='bbox 1134 2171 1345 2259; x_wconf 65' lang='lat' dir='ltr'>undoubtedly,</span> 
     </span>
     <span class='ocr_line' id='line_1_19' title="bbox 251 2264 1346 2358; baseline 0.007 -29"><span class='ocrx_word' id='word_1_159' title='bbox 251 2267 299 2330; x_wconf 77' lang='lat' dir='ltr'>tie</span> <span class='ocrx_word' id='word_1_160' title='bbox 319 2267 441 2330; x_wconf 83' lang='lat' dir='ltr'>readers</span> <span class='ocrx_word' id='word_1_161' title='bbox 463 2264 608 2350; x_wconf 52' lang='lat' dir='ltr'>&lt;neither</span> <span class='ocrx_word' id='word_1_162' title='bbox 627 2264 714 2353; x_wconf 88' lang='lat' dir='ltr'>Pope</span> <span class='ocrx_word' id='word_1_163' title='bbox 740 2289 777 2330; x_wconf 90' lang='lat' dir='ltr'>or</span> <span class='ocrx_word' id='word_1_164' title='bbox 806 2267 919 2332; x_wconf 82' lang='lat' dir='ltr'>Tielretl</span> <span class='ocrx_word' id='word_1_165' title='bbox 941 2293 1012 2353; x_wconf 81' lang='lat' dir='ltr'>may</span> <span class='ocrx_word' id='word_1_166' title='bbox 1036 2292 1106 2355; x_wconf 79' lang='lat' dir='ltr'>very</span> <span class='ocrx_word' id='word_1_167' title='bbox 1126 2271 1274 2358; x_wconf 80' lang='lat' dir='ltr'>properly</span> <span class='ocrx_word' id='word_1_168' title='bbox 1295 2295 1346 2337; x_wconf 78' lang='lat' dir='ltr'>ee·</span> 
     </span>
     <span class='ocr_line' id='line_1_20' title="bbox 243 2365 1346 2446; baseline 0.005 -15"><span class='ocrx_word' id='word_1_169' title='bbox 243 2366 357 2431; x_wconf 86' lang='lat' dir='ltr'>elairn:</span> <span class='ocrx_word' id='word_1_170' title='bbox 381 2365 500 2446; x_wconf 81' lang='lat' dir='ltr'>„Bless</span> <span class='ocrx_word' id='word_1_171' title='bbox 526 2365 609 2431; x_wconf 78' lang='lat' dir='ltr'>tier!</span> <span class='ocrx_word' id='word_1_172' title='bbox 640 2367 774 2442; x_wconf 68' lang='lat' dir='ltr'>Horam</span> <span class='ocrx_word' id='word_1_173' title='bbox 808 2368 880 2431; x_wconf 78' lang='lat' dir='ltr'>tiron</span> <span class='ocrx_word' id='word_1_174' title='bbox 912 2380 961 2433; x_wconf 89' lang='lat' dir='ltr'>art</span> <span class='ocrx_word' id='word_1_175' title='bbox 989 2369 1155 2435; x_wconf 69' lang='lat' dir='ltr'>translated</span> <span class='ocrx_word' id='word_1_176' title='bbox 1187 2372 1346 2436; x_wconf 77' lang='lat' dir='ltr'>indeed.““</span> 
     </span>
     <span class='ocr_line' id='line_1_21' title="bbox 242 2466 1346 2555; baseline 0.005 -22"><span class='ocrx_word' id='word_1_177' title='bbox 242 2466 412 2555; x_wconf 90' lang='lat' dir='ltr'>Optimum</span> <span class='ocrx_word' id='word_1_178' title='bbox 434 2478 540 2533; x_wconf 86' lang='lat' dir='ltr'>autem</span> <span class='ocrx_word' id='word_1_179' title='bbox 561 2466 602 2532; x_wconf 82' lang='lat' dir='ltr'>de</span> <span class='ocrx_word' id='word_1_180' title='bbox 622 2466 719 2552; x_wconf 89' lang='lat' dir='ltr'>Popii</span> <span class='ocrx_word' id='word_1_181' title='bbox 740 2467 886 2533; x_wconf 80' lang='lat' dir='ltr'>versione</span> <span class='ocrx_word' id='word_1_182' title='bbox 907 2468 1061 2534; x_wconf 87' lang='lat' dir='ltr'>iudicium</span> <span class='ocrx_word' id='word_1_183' title='bbox 1086 2470 1161 2535; x_wconf 88' lang='lat' dir='ltr'>fecit</span> <span class='ocrx_word' id='word_1_184' title='bbox 1186 2470 1346 2538; x_wconf 86' lang='lat' dir='ltr'>Ricardus</span> 
     </span>
     <span class='ocr_line' id='line_1_22' title="bbox 244 2565 1346 2654; baseline 0.004 -22"><span class='ocrx_word' id='word_1_185' title='bbox 244 2567 426 2644; x_wconf 88' lang='lat' dir='ltr'>Bentleius,</span> <span class='ocrx_word' id='word_1_186' title='bbox 458 2566 514 2650; x_wconf 90' lang='lat' dir='ltr'>qui</span> <span class='ocrx_word' id='word_1_187' title='bbox 541 2587 615 2630; x_wconf 86' lang='lat' dir='ltr'>cum</span> <span class='ocrx_word' id='word_1_188' title='bbox 636 2588 656 2629; x_wconf 88' lang='lat' dir='ltr'>a</span> <span class='ocrx_word' id='word_1_189' title='bbox 675 2565 780 2652; x_wconf 91' lang='lat' dir='ltr'>Popio</span> <span class='ocrx_word' id='word_1_190' title='bbox 802 2567 1068 2654; x_wconf 83' lang='lat' dir='ltr'>interrogaretur,</span> <span class='ocrx_word' id='word_1_191' title='bbox 1090 2570 1168 2654; x_wconf 90' lang='lat' dir='ltr'>quid</span> <span class='ocrx_word' id='word_1_192' title='bbox 1190 2571 1230 2636; x_wconf 88' lang='lat' dir='ltr'>de</span> <span class='ocrx_word' id='word_1_193' title='bbox 1254 2571 1346 2636; x_wconf 73' lang='lat' dir='ltr'>„Ho-</span> 
     </span>
     <span class='ocr_line' id='line_1_23' title="bbox 244 2662 1435 2761; baseline 0.007 -30"><span class='ocrx_word' id='word_1_194' title='bbox 244 2689 332 2731; x_wconf 88' lang='lat' dir='ltr'>mero</span> <span class='ocrx_word' id='word_1_195' title='bbox 355 2662 432 2731; x_wconf 71' lang='lat' dir='ltr'>suo⁴⁴</span> <span class='ocrx_word' id='word_1_196' title='bbox 457 2665 602 2730; x_wconf 79' lang='lat' dir='ltr'>sentiret:</span> <span class='ocrx_word' id='word_1_197' title='bbox 624 2667 718 2744; x_wconf 78' lang='lat' dir='ltr'>„Itis</span> <span class='ocrx_word' id='word_1_198' title='bbox 735 2690 755 2731; x_wconf 92' lang='lat' dir='ltr'>a</span> <span class='ocrx_word' id='word_1_199' title='bbox 763 2678 865 2754; x_wconf 76' lang='lat' dir='ltr'>pretty</span> <span class='ocrx_word' id='word_1_200' title='bbox 877 2674 1000 2755; x_wconf 87' lang='lat' dir='ltr'>poem,“</span> <span class='ocrx_word' id='word_1_201' title='bbox 1009 2669 1123 2752; x_wconf 87' lang='lat' dir='ltr'>inquit,</span> <span class='ocrx_word' id='word_1_202' title='bbox 1144 2672 1230 2749; x_wconf 75' lang='lat' dir='ltr'>„Mn</span> <span class='ocrx_word' id='word_1_203' title='bbox 1243 2673 1346 2761; x_wconf 87' lang='lat' dir='ltr'>Pope‚·</span> <span class='ocrx_word' id='word_1_204' title='bbox 1432 2693 1435 2700; x_wconf 84' lang='lat'>·</span> 
     </span>
     <span class='ocr_line' id='line_1_24' title="bbox 245 2765 1346 2853; baseline 0.006 -22"><span class='ocrx_word' id='word_1_205' title='bbox 245 2771 296 2832; x_wconf 83' lang='lat' dir='ltr'>bat</span> <span class='ocrx_word' id='word_1_206' title='bbox 313 2790 374 2853; x_wconf 80' lang='lat' dir='ltr'>poa</span> <span class='ocrx_word' id='word_1_207' title='bbox 393 2779 475 2830; x_wconf 82' lang='lat' dir='ltr'>mast</span> <span class='ocrx_word' id='word_1_208' title='bbox 493 2777 545 2831; x_wconf 89' lang='lat' dir='ltr'>not</span> <span class='ocrx_word' id='word_1_209' title='bbox 566 2765 627 2830; x_wconf 81' lang='lat' dir='ltr'>aad</span> <span class='ocrx_word' id='word_1_210' title='bbox 646 2768 671 2830; x_wconf 86' lang='lat' dir='ltr'>it</span> <span class='ocrx_word' id='word_1_211' title='bbox 691 2767 841 2832; x_wconf 84' lang='lat' dir='ltr'>Horner.“</span> <span class='ocrx_word' id='word_1_212' title='bbox 874 2768 1024 2833; x_wconf 88' lang='lat' dir='ltr'>Profecto</span> <span class='ocrx_word' id='word_1_213' title='bbox 1044 2768 1198 2835; x_wconf 89' lang='lat' dir='ltr'>iudicium</span> <span class='ocrx_word' id='word_1_214' title='bbox 1220 2783 1252 2836; x_wconf 89' lang='lat' dir='ltr'>et</span> <span class='ocrx_word' id='word_1_215' title='bbox 1273 2771 1346 2838; x_wconf 89' lang='lat' dir='ltr'>bre·</span> 
     </span>
     <span class='ocr_line' id='line_1_25' title="bbox 248 2865 708 2932; baseline 0 -2"><span class='ocrx_word' id='word_1_216' title='bbox 248 2867 413 2932; x_wconf 85' lang='lat' dir='ltr'>vissimum</span> <span class='ocrx_word' id='word_1_217' title='bbox 435 2877 467 2931; x_wconf 85' lang='lat' dir='ltr'>et</span> <span class='ocrx_word' id='word_1_218' title='bbox 486 2865 708 2932; x_wconf 79' lang='lat' dir='ltr'>verissimumi</span> 
     </span>
    </p>

    <p class='ocr_par' dir='ltr' id='par_1_3' title="bbox 238 2966 1352 3861">
     <span class='ocr_line' id='line_1_26' title="bbox 328 2966 1347 3054; baseline 0.007 -24"><span class='ocrx_word' id='word_1_219' title='bbox 328 2966 460 3031; x_wconf 82' lang='lat' dir='ltr'>Arcedo</span> <span class='ocrx_word' id='word_1_220' title='bbox 482 2966 619 3051; x_wconf 88' lang='lat' dir='ltr'>denique</span> <span class='ocrx_word' id='word_1_221' title='bbox 642 2966 683 3031; x_wconf 87' lang='lat' dir='ltr'>ad</span> <span class='ocrx_word' id='word_1_222' title='bbox 705 2972 891 3054; x_wconf 71' lang='lat' dir='ltr'>desperem,</span> <span class='ocrx_word' id='word_1_223' title='bbox 924 2971 1014 3037; x_wconf 89' lang='lat' dir='ltr'>euius</span> <span class='ocrx_word' id='word_1_224' title='bbox 1046 2972 1152 3038; x_wconf 88' lang='lat' dir='ltr'>versio</span> <span class='ocrx_word' id='word_1_225' title='bbox 1180 2994 1252 3037; x_wconf 84' lang='lat' dir='ltr'>eam</span> <span class='ocrx_word' id='word_1_226' title='bbox 1277 2973 1347 3037; x_wconf 86' lang='lat' dir='ltr'>lau·</span> 
     </span>
     <span class='ocr_line' id='line_1_27' title="bbox 248 3068 1346 3157; baseline 0.004 -26"><span class='ocrx_word' id='word_1_227' title='bbox 248 3069 322 3132; x_wconf 88' lang='lat' dir='ltr'>dem</span> <span class='ocrx_word' id='word_1_228' title='bbox 342 3068 404 3132; x_wconf 88' lang='lat' dir='ltr'>sibi</span> <span class='ocrx_word' id='word_1_229' title='bbox 426 3091 484 3134; x_wconf 93' lang='lat' dir='ltr'>suo</span> <span class='ocrx_word' id='word_1_230' title='bbox 507 3069 576 3135; x_wconf 89' lang='lat' dir='ltr'>iure</span> <span class='ocrx_word' id='word_1_231' title='bbox 595 3070 758 3136; x_wconf 82' lang='lat' dir='ltr'>vindicare</span> <span class='ocrx_word' id='word_1_232' title='bbox 779 3083 896 3157; x_wconf 84' lang='lat' dir='ltr'>potest,</span> <span class='ocrx_word' id='word_1_233' title='bbox 918 3073 1005 3157; x_wconf 92' lang='lat' dir='ltr'>quod</span> <span class='ocrx_word' id='word_1_234' title='bbox 1029 3073 1114 3138; x_wconf 85' lang='lat' dir='ltr'>inter</span> <span class='ocrx_word' id='word_1_235' title='bbox 1141 3095 1251 3137; x_wconf 91' lang='lat' dir='ltr'>omues</span> <span class='ocrx_word' id='word_1_236' title='bbox 1272 3094 1346 3136; x_wconf 84' lang='lat' dir='ltr'>ver·</span> 
     </span>
     <span class='ocr_line' id='line_1_28' title="bbox 244 3168 1346 3238; baseline 0.002 -5"><span class='ocrx_word' id='word_1_237' title='bbox 244 3169 350 3234; x_wconf 87' lang='lat' dir='ltr'>siones</span> <span class='ocrx_word' id='word_1_238' title='bbox 371 3168 563 3234; x_wconf 78' lang='lat' dir='ltr'>Homericus</span> <span class='ocrx_word' id='word_1_239' title='bbox 584 3192 623 3234; x_wconf 85' lang='lat' dir='ltr'>ea</span> <span class='ocrx_word' id='word_1_240' title='bbox 643 3169 822 3236; x_wconf 88' lang='lat' dir='ltr'>Homerum</span> <span class='ocrx_word' id='word_1_241' title='bbox 838 3172 975 3237; x_wconf 82' lang='lat' dir='ltr'>maxime</span> <span class='ocrx_word' id='word_1_242' title='bbox 992 3173 1033 3237; x_wconf 87' lang='lat' dir='ltr'>ad</span> <span class='ocrx_word' id='word_1_243' title='bbox 1047 3172 1148 3238; x_wconf 82' lang='lat' dir='ltr'>verba</span> <span class='ocrx_word' id='word_1_244' title='bbox 1160 3171 1346 3236; x_wconf 83' lang='lat' dir='ltr'>reddiderit.</span> 
     </span>
     <span class='ocr_line' id='line_1_29' title="bbox 244 3268 1346 3360; baseline 0.003 -25"><span class='ocrx_word' id='word_1_245' title='bbox 244 3268 463 3355; x_wconf 65' lang='lat' dir='ltr'>Cowperusi)</span> <span class='ocrx_word' id='word_1_246' title='bbox 484 3269 561 3335; x_wconf 80' lang='lat' dir='ltr'>haec</span> <span class='ocrx_word' id='word_1_247' title='bbox 593 3270 690 3335; x_wconf 89' lang='lat' dir='ltr'>dicit:</span> <span class='ocrx_word' id='word_1_248' title='bbox 712 3275 759 3350; x_wconf 78' lang='lat' dir='ltr'>„I</span> <span class='ocrx_word' id='word_1_249' title='bbox 784 3274 860 3337; x_wconf 74' lang='lat' dir='ltr'>Itane</span> <span class='ocrx_word' id='word_1_250' title='bbox 893 3275 1015 3338; x_wconf 83' lang='lat' dir='ltr'>omitted</span> <span class='ocrx_word' id='word_1_251' title='bbox 1045 3274 1187 3360; x_wconf 52' lang='lat' dir='ltr'>notitiam</span> <span class='ocrx_word' id='word_1_252' title='bbox 1218 3275 1245 3337; x_wconf 90' lang='lat' dir='ltr'><strong><em>I</em></strong></span> <span class='ocrx_word' id='word_1_253' title='bbox 1272 3274 1346 3339; x_wconf 78' lang='lat' dir='ltr'>have</span> 
     </span>
     <span class='ocr_line' id='line_1_30' title="bbox 243 3369 1352 3460; baseline 0.005 -27"><span class='ocrx_word' id='word_1_254' title='bbox 243 3372 382 3434; x_wconf 80' lang='lat' dir='ltr'>invented</span> <span class='ocrx_word' id='word_1_255' title='bbox 402 3369 527 3454; x_wconf 73' lang='lat' dir='ltr'>nothinp</span> <span class='ocrx_word' id='word_1_256' title='bbox 549 3416 556 3433; x_wconf 93' lang='lat'><em>.</em></span> <span class='ocrx_word' id='word_1_257' title='bbox 579 3416 588 3433; x_wconf 89' lang='lat'><strong>.</strong></span> <span class='ocrx_word' id='word_1_258' title='bbox 611 3416 619 3433; x_wconf 89' lang='lat'><strong>.</strong></span> <span class='ocrx_word' id='word_1_259' title='bbox 642 3371 774 3457; x_wconf 74' lang='lat' dir='ltr'>Fideiitp</span> <span class='ocrx_word' id='word_1_260' title='bbox 795 3375 822 3437; x_wconf 84' lang='lat' dir='ltr'>is</span> <span class='ocrx_word' id='word_1_261' title='bbox 843 3375 952 3438; x_wconf 83' lang='lat' dir='ltr'>indeed</span> <span class='ocrx_word' id='word_1_262' title='bbox 971 3373 1008 3460; x_wconf 56' lang='grc' dir='ltr'>(ψ’</span> <span class='ocrx_word' id='word_1_263' title='bbox 1024 3374 1071 3438; x_wconf 78' lang='lat' dir='ltr'>tie</span> <span class='ocrx_word' id='word_1_264' title='bbox 1092 3397 1161 3460; x_wconf 72' lang='lat' dir='ltr'>very</span> <span class='ocrx_word' id='word_1_265' title='bbox 1182 3397 1296 3439; x_wconf 83' lang='lat' dir='ltr'>essenee</span> <span class='ocrx_word' id='word_1_266' title='bbox 1314 3376 1352 3458; x_wconf 82' lang='lat' dir='ltr'>of</span> 
     </span>
     <span class='ocr_line' id='line_1_31' title="bbox 245 3469 1345 3561; baseline 0.006 -32"><span class='ocrx_word' id='word_1_267' title='bbox 245 3469 437 3546; x_wconf 69' lang='lat' dir='ltr'>translation,</span> <span class='ocrx_word' id='word_1_268' title='bbox 459 3473 523 3536; x_wconf 86' lang='lat' dir='ltr'>and</span> <span class='ocrx_word' id='word_1_269' title='bbox 542 3473 589 3537; x_wconf 81' lang='lat' dir='ltr'>tire</span> <span class='ocrx_word' id='word_1_270' title='bbox 610 3485 684 3537; x_wconf 77' lang='lat' dir='ltr'>terra</span> <span class='ocrx_word' id='word_1_271' title='bbox 704 3473 790 3554; x_wconf 71' lang='lat' dir='ltr'>itself</span> <span class='ocrx_word' id='word_1_272' title='bbox 806 3475 927 3561; x_wconf 85' lang='lat' dir='ltr'>impiiee</span> <span class='ocrx_word' id='word_1_273' title='bbox 947 3478 980 3539; x_wconf 90' lang='lat' dir='ltr'>it.</span> <span class='ocrx_word' id='word_1_274' title='bbox 1023 3476 1088 3539; x_wconf 85' lang='lat' dir='ltr'>Far</span> <span class='ocrx_word' id='word_1_275' title='bbox 1107 3475 1205 3539; x_wconf 74' lang='lat' dir='ltr'>wirici</span> <span class='ocrx_word' id='word_1_276' title='bbox 1225 3496 1345 3550; x_wconf 77' lang='lat' dir='ltr'>reason,</span> 
     </span>
     <span class='ocr_line' id='line_1_32' title="bbox 248 3568 1346 3661; baseline 0.005 -30"><span class='ocrx_word' id='word_1_277' title='bbox 248 3568 277 3653; x_wconf 76' lang='lat' dir='ltr'>is</span> <span class='ocrx_word' id='word_1_278' title='bbox 292 3592 335 3633; x_wconf 80' lang='lat' dir='ltr'>ire</span> <span class='ocrx_word' id='word_1_279' title='bbox 355 3594 498 3657; x_wconf 83' lang='lat' dir='ltr'>sapprees</span> <span class='ocrx_word' id='word_1_280' title='bbox 519 3572 566 3637; x_wconf 81' lang='lat' dir='ltr'>rte</span> <span class='ocrx_word' id='word_1_281' title='bbox 594 3595 677 3638; x_wconf 79' lang='lat' dir='ltr'>sense</span> <span class='ocrx_word' id='word_1_282' title='bbox 702 3573 739 3661; x_wconf 80' lang='lat' dir='ltr'>of</span> <span class='ocrx_word' id='word_1_283' title='bbox 761 3598 820 3639; x_wconf 85' lang='lat' dir='ltr'>oar</span> <span class='ocrx_word' id='word_1_284' title='bbox 845 3574 998 3660; x_wconf 72' lang='lat' dir='ltr'>oripinai,</span> <span class='ocrx_word' id='word_1_285' title='bbox 1025 3576 1090 3639; x_wconf 80' lang='lat' dir='ltr'>ared</span> <span class='ocrx_word' id='word_1_286' title='bbox 1105 3575 1194 3661; x_wconf 80' lang='lat' dir='ltr'>force</span> <span class='ocrx_word' id='word_1_287' title='bbox 1218 3575 1281 3638; x_wconf 89' lang='lat' dir='ltr'>into</span> <span class='ocrx_word' id='word_1_288' title='bbox 1307 3575 1346 3637; x_wconf 83' lang='lat' dir='ltr'>its</span> 
     </span>
     <span class='ocr_line' id='line_1_33' title="bbox 240 3667 1346 3760; baseline 0.008 -31"><span class='ocrx_word' id='word_1_289' title='bbox 240 3667 333 3754; x_wconf 82' lang='lat' dir='ltr'>place</span> <span class='ocrx_word' id='word_1_290' title='bbox 353 3692 511 3748; x_wconf 75' lang='lat' dir='ltr'>orroeon,</span> <span class='ocrx_word' id='word_1_291' title='bbox 538 3695 581 3737; x_wconf 83' lang='lat' dir='ltr'>we</span> <span class='ocrx_word' id='word_1_292' title='bbox 608 3697 678 3759; x_wconf 73' lang='lat' dir='ltr'>neap</span> <span class='ocrx_word' id='word_1_293' title='bbox 700 3673 762 3736; x_wconf 85' lang='lat' dir='ltr'>eall</span> <span class='ocrx_word' id='word_1_294' title='bbox 782 3698 840 3738; x_wconf 86' lang='lat' dir='ltr'>oar</span> <span class='ocrx_word' id='word_1_295' title='bbox 860 3675 943 3739; x_wconf 80' lang='lat' dir='ltr'>werde</span> <span class='ocrx_word' id='word_1_296' title='bbox 963 3699 1003 3739; x_wconf 89' lang='lat' dir='ltr'>an</span> <span class='ocrx_word' id='word_1_297' title='bbox 1026 3676 1235 3751; x_wconf 83' lang='lat' dir='ltr'>imitation,</span> <span class='ocrx_word' id='word_1_298' title='bbox 1258 3674 1346 3760; x_wconf 58' lang='lat' dir='ltr'>dece</span> 
     </span>
     <span class='ocr_line' id='line_1_34' title="bbox 238 3767 1346 3861; baseline 0.007 -32"><span class='ocrx_word' id='word_1_299' title='bbox 238 3767 357 3856; x_wconf 70' lang='lat' dir='ltr'>pirate,</span> <span class='ocrx_word' id='word_1_300' title='bbox 372 3791 409 3832; x_wconf 86' lang='lat' dir='ltr'>or</span> <span class='ocrx_word' id='word_1_301' title='bbox 423 3771 561 3859; x_wconf 74' lang='lat' dir='ltr'>perhaps</span> <span class='ocrx_word' id='word_1_302' title='bbox 581 3796 602 3836; x_wconf 90' lang='lat' dir='ltr'>a</span> <span class='ocrx_word' id='word_1_303' title='bbox 618 3774 871 3860; x_wconf 70' lang='lat' dir='ltr'>pampinare,</span> <span class='ocrx_word' id='word_1_304' title='bbox 894 3776 945 3839; x_wconf 80' lang='lat' dir='ltr'>bat</span> <span class='ocrx_word' id='word_1_305' title='bbox 959 3776 1070 3840; x_wconf 77' lang='lat' dir='ltr'>itisno</span> <span class='ocrx_word' id='word_1_306' title='bbox 1085 3775 1190 3861; x_wconf 73' lang='lat' dir='ltr'>lanyer</span> <span class='ocrx_word' id='word_1_307' title='bbox 1207 3774 1346 3840; x_wconf 78' lang='lat' dir='ltr'>tleeaarne</span> 
     </span>
    </p>
   </div>
   <div class='ocr_carea' id='block_1_3' title="bbox 255 3923 456 3931">
    <p class='ocr_par' dir='ltr' id='par_1_4' title="bbox 255 3923 456 3931">
     <span class='ocr_line' id='line_1_35' title="bbox 255 3923 456 3931; baseline 0.01 -2"><span class='ocrx_word' id='word_1_308' title='bbox 255 3923 456 3931; x_wconf 66' lang='lat'>——-----—</span> 
     </span>
    </p>
   </div>
   <div class='ocr_carea' id='block_1_4' title="bbox 312 4017 833 4251">
    <p class='ocr_par' dir='ltr' id='par_1_5' title="bbox 312 4017 833 4251">
     <span class='ocr_line' id='line_1_36' title="bbox 315 4017 755 4086; baseline 0.009 -21"><span class='ocrx_word' id='word_1_309' title='bbox 315 4018 342 4077; x_wconf 91' lang='grc'>1)</span> <span class='ocrx_word' id='word_1_310' title='bbox 360 4017 436 4067; x_wconf 82' lang='lat' dir='ltr'>Le&#39;ces</span> <span class='ocrx_word' id='word_1_311' title='bbox 454 4021 486 4083; x_wconf 86' lang='lat' dir='ltr'>os</span> <span class='ocrx_word' id='word_1_312' title='bbox 498 4021 535 4069; x_wconf 77' lang='lat' dir='ltr'>tlte</span> <span class='ocrx_word' id='word_1_313' title='bbox 552 4019 655 4086; x_wconf 72' lang='lat' dir='ltr'>Eeryiirlr</span> <span class='ocrx_word' id='word_1_314' title='bbox 673 4020 755 4070; x_wconf 75' lang='lat' dir='ltr'>Portu.</span> 
     </span>
     <span class='ocr_line' id='line_1_37' title="bbox 312 4101 809 4168; baseline 0.006 -19"><span class='ocrx_word' id='word_1_315' title='bbox 312 4101 340 4164; x_wconf 77' lang='lat'>2)</span> <span class='ocrx_word' id='word_1_316' title='bbox 362 4101 466 4151; x_wconf 83' lang='lat' dir='ltr'>Critical</span> <span class='ocrx_word' id='word_1_317' title='bbox 483 4103 534 4152; x_wconf 87' lang='lat' dir='ltr'>and</span> <span class='ocrx_word' id='word_1_318' title='bbox 549 4103 688 4155; x_wconf 71' lang='lat' dir='ltr'>Historiae!</span> <span class='ocrx_word' id='word_1_319' title='bbox 703 4103 809 4168; x_wconf 73' lang='lat' dir='ltr'>Essays.</span> 
     </span>
     <span class='ocr_line' id='line_1_38' title="bbox 312 4184 833 4251; baseline 0.01 -20"><span class='ocrx_word' id='word_1_320' title='bbox 312 4187 342 4245; x_wconf 77' lang='lat'>3)</span> <span class='ocrx_word' id='word_1_321' title='bbox 360 4184 492 4237; x_wconf 79' lang='lat' dir='ltr'>Praefatio</span> <span class='ocrx_word' id='word_1_322' title='bbox 511 4187 544 4236; x_wconf 88' lang='lat' dir='ltr'>ad</span> <span class='ocrx_word' id='word_1_323' title='bbox 562 4186 670 4251; x_wconf 86' lang='lat' dir='ltr'>primum</span> <span class='ocrx_word' id='word_1_324' title='bbox 688 4186 833 4236; x_wconf 82' lang='lat' dir='ltr'>editionem.</span> 
     </span>
    </p>
   </div>
   <div class='ocr_carea' id='block_1_5' title="bbox 0 0 1592 5025">
    <p class='ocr_par' dir='ltr' id='par_1_6' title="bbox 0 0 1592 5025">
     <span class='ocr_line' id='line_1_39' title="bbox 0 0 1592 5025; baseline 0 0"><span class='ocrx_word' id='word_1_325' title='bbox 0 0 1592 5025; x_wconf 95' lang='lat' dir='ltr'> </span> 
     </span>
    </p>
   </div>
  </div>
 </body>
</html>
