3175 5025
747 341 785 403 19

209 545 303 609 tltem
323 571 377 631 rap
398 545 548 632 refa9e“
562 541 734 630 ¹[Epistola
754 544 795 607 ad
818 541 1043 608 LNeu‘tonem
1066 540 1172 606 idibus
1194 542 1310 607 lantin-

207 645 263 711 riis
293 646 366 709 anni
392 641 733 709 MDCCLXXXVII
755 641 942 729 seripta¹)].
984 644 1053 720 „Aa
1080 654 1108 709 to
1136 645 1268 722 Homer,
1291 647 1318 707 J

183 746 187 753 ’
207 770 259 808 am
274 744 401 809 eenoible
422 744 495 821 tleat,
517 754 618 830 accept
638 768 674 807 aa
694 768 736 808 aa
757 755 950 820 amusement,
972 743 1008 808 lte
1029 768 1091 808 ecoe
1106 768 1194 809 neree·
1214 746 1310 809 woetlc

207 843 432 926 neameddliap
453 843 542 918 aitlm
571 844 638 920 bat,
662 866 696 906 aa
717 867 759 907 on
780 854 978 920 amusement,
1002 844 1037 908 lte
1057 868 1120 907 erac
1143 856 1171 907 to
1193 868 1240 908 nte
1261 846 1310 908 in-

208 943 368 1008 volaolde“
391 940 552 1029 [Epistola
573 942 614 1006 ad
634 942 661 1006 I.
676 942 1000 1007 Neu'tonemortavo
1025 944 1076 1007 die
1098 959 1170 1008 ante
1193 942 1311 1009 Calen-

209 1043 267 1106 das
288 1042 426 1106 Iulianas
450 1042 523 1106 anni
538 1040 756 1107 MDCCXCI
779 1042 897 1127 scripta
911 1040 967 1127 ')]
987 1042 1114 1118 „Alunt
1141 1045 1220 1107 relat
1240 1046 1268 1106 ie
1289 1069 1310 1107 o

208 1143 301 1208 sobole
316 1128 418 1231 poem,
441 1166 510 1207 coen
531 1162 587 1207 one
608 1143 645 1228 of
654 1143 807 1217 Homer'a
830 1144 993 1228 compared
1013 1143 1084 1208 trith
1106 1167 1126 1206 a
1147 1143 1244 1228 ainple
1257 1168 1309 1207 oc-

201 1247 342 1331 pirote’on
363 1243 426 1307 tlcot
437 1246 526 1332 finde
547 1246 585 1307 ite
607 1266 673 1327 aoy
694 1241 895 1325 immediately
910 1252 938 1304 to
958 1239 1042 1316 θοάς
1064 1242 1175 1327 tleoaplc
1195 1243 1311 1306 clotlred

206 1347 240 1409 in
262 1347 408 1430 ordinary
431 1345 590 1429 lanpaope5
612 1366 651 1405 or
666 1342 804 1427 perhaps
825 1352 877 1404 not
897 1341 1077 1405 articulated
1090 1353 1122 1406 ot
1136 1342 1189 1406 att.
1217 1344 1310 1408 Thea

204 1465 258 1507 are
277 1466 327 1528 emp
348 1444 518 1506 sentimenta
539 1462 574 1503 aa
595 1438 685 1500 maele
705 1462 740 1501 oa
761 1461 829 1502 erec
850 1439 916 1523 tleey
935 1462 1022 1516 were,
1045 1440 1156 1525 tltoaplc
1170 1466 1221 1526 my
1234 1445 1309 1529 dape

204 1566 258 1607 ore
279 1544 325 1607 all
343 1543 479 1625 mneeinp
495 1551 523 1603 to
539 1548 630 1602 waste
651 1560 762 1622 omonp
777 1535 889 1603 Greela
903 1540 968 1601 aad
981 1540 1012 1602 T
1006 1540 1131 1626 rojana
1147 1538 1309 1627 [Epistola

205 1643 247 1707 ad
268 1643 295 1708 I.
316 1642 504 1707 Newtonem
526 1636 694 1702 undecimo
716 1637 769 1701 die
791 1648 863 1701 ante
887 1634 1045 1703 Colendas
1065 1635 1202 1705 Sextiles
1234 1643 1308 1707 anni

205 1738 425 1807 MDCCXCI
445 1738 565 1824 scripta
576 1735 633 1825 ¹)]
674 1739 723 1817 „I
742 1762 794 1801 om
820 1739 887 1801 now
911 1739 1018 1823 piciap
1044 1739 1308 1807 thalcamenes

207 1854 235 1905 to
255 1864 276 1905 a
297 1840 379 1905 eeorlc
399 1838 511 1916 alricii,
532 1839 595 1903 leod
614 1841 641 1903 I
645 1840 787 1923 foreseen
809 1838 856 1902 tlte
877 1838 1022 1927 dffealtp
1043 1839 1080 1925 of
1096 1841 1135 1916 a,
1157 1843 1181 1905 I
1199 1844 1310 1908 ehoedd

206 1962 295 2005 never
316 1939 390 2003 lave
409 1938 548 2003 meddled
566 1939 661 2003 wald
685 1936 847 2024 [Epistola
867 1938 909 2001 ad
929 1937 1103 2023 Iosephum
1128 1939 1196 2005 Hill
1217 1956 1306 2007 sexto

211 2040 263 2103 die
285 2051 356 2103 ante
377 2038 488 2104 Nonas
508 2037 615 2102 Maias
637 2037 711 2101 anni
733 2034 934 2102 MDCCXO
957 2037 1095 2125 data¹)].

289 2139 359 2204 Iam
392 2159 470 2203 vero
499 2137 675 2213 videamus,
710 2158 807 2221 quam
837 2136 870 2200 in
902 2141 1032 2203 verstbus
1064 2144 1222 2207 autento
1253 2166 1306 2207 ra·

205 2242 323 2307 tionem
347 2240 536 2325 interpretes
568 2237 732 2315 iniverint,
765 2261 840 2301 nam
875 2250 1012 2303 metmm
1045 2242 1136 2324 quasi
1173 2243 1305 2308 sceletne

203 2356 304 2407 cst-
326 2342 353 2406 si
372 2341 417 2405 ita
439 2340 544 2403 dicere
566 2338 638 2403 licet
651 2376 688 2385 -
710 2338 760 2402 cui
783 2338 887 2424 ipsum
914 2363 1049 2426 poeseos
1064 2365 1181 2429 corpus
1202 2343 1305 2429 impo-

203 2443 299 2507 situm
320 2452 378 2506 est.

288 2547 468 2627 ctopnanus
489 2541 523 2605 in
544 2541 645 2606 Iliade
673 2541 827 2606 vertenda
853 2540 1000 2605 versibus
1021 2564 1099 2605 usus
1121 2552 1170 2605 est
1190 2541 1305 2606 iambi·

203 2644 248 2708 oie
269 2667 310 2710 ex
332 2654 452 2730 septem
473 2641 610 2728 pedibus
632 2641 851 2707 constantibus
873 2653 905 2706 et
931 2664 969 2706 ea
993 2641 1064 2728 lege
1085 2641 1247 2707 obstrictis
1269 2659 1305 2708 ut

203 2741 271 2806 bini
292 2764 403 2808 versus
428 2743 463 2806 in
494 2743 631 2808 eundem
663 2766 776 2808 sonum
810 2743 942 2806 exirent.
985 2741 1037 2808 Ao
1067 2743 1209 2829 prolecto
1230 2766 1303 2808 cum

204 2841 334 2909 omnino
365 2841 475 2926 lingua
496 2840 633 2927 Anglica
655 2843 700 2907 ita
720 2854 905 2928 comparata
937 2841 992 2921 sit,
1023 2854 1059 2906 ut
1085 2843 1304 2907 hexametram

205 2940 414 3005 Homericum
434 2940 521 3005 nullo
543 2943 648 3008 modo.
662 2943 818 3019 admittat,
834 2942 912 3006 illud
930 2957 1076 3020 metrum,
1092 2944 1178 3028 quod
1195 2941 1303 3031 Chap-

203 3063 317 3105 manus
345 3042 387 3105 ad
414 3042 599 3106 vertendam
624 3043 757 3107 Iliadem
787 3042 848 3106 sibi
872 3042 982 3128 clegit,
1014 3043 1157 3127 proxime
1183 3047 1303 3108 acc-odit

202 3142 243 3205 ad
265 3142 494 3220 hexametrum,
517 3142 680 3226 multoque
701 3142 805 3227 magis
830 3142 905 3206 huie
927 3141 1116 3205 conveniens
1138 3156 1184 3206 cst
1207 3165 1302 3226 quam

200 3257 312 3307 versus
333 3241 462 3308 iambici
484 3241 624 3327 quinque
646 3265 685 3306 ex
705 3240 842 3326 pedibus
862 3255 1042 3307 constantes
1070 3265 1151 3326 quos
1176 3243 1209 3306 in
1231 3265 1303 3307 ver·

200 3343 297 3406 tenda
332 3340 482 3428 Odyssea
513 3341 668 3406 adhibuit.
722 3342 821 3405 Errat
857 3341 956 3427 igitur
987 3343 1048 3407 Th.
1090 3341 1308 3426 warinnam)—

201 3442 328 3506 dieens:
355 3441 542 3530 „Cleopmon
569 3442 692 3506 loboare
718 3442 790 3505 atta
812 3441 859 3505 tlte
879 3442 1104 3506 iesconuenience
1123 3442 1160 3527 of
1175 3466 1215 3505 an
1238 3467 1320 3507 ato-2

201 3541 315 3618 kaurel,
336 3543 579 3620 iabormombac,
602 3543 666 3606 and
686 3542 830 3606 ualteroic
849 3563 996 3617 arremaro,
1019 3540 1156 3626 impoced
1176 3542 1213 3626 by
1234 3565 1301 3605 cas-

202 3650 272 3715 tom,
297 3642 349 3704 bat
367 3641 531 3728 diapaspiel
552 3653 580 3705 to
602 3643 728 3705 enodem
748 3663 846 3705 eona.u
879 3638 988 3722 Atque
1005 3637 1211 3726 Chapmanus
1232 3641 1301 3727 ipse

143 3802 154 3818 ,
201 3738 451 3824 quotiescunque
473 3754 605 3827 propter
625 3740 687 3804 hoo
708 3739 757 3803 vel
787 3737 887 3803 simile
913 3738 1065 3820 quiddam
1088 3740 1301 3824 reprehende-

200 3836 305 3915 batur,
329 3837 450 3904 sinoero
472 3839 590 3905 iudicio
610 3838 789 3924 respondit:

199 3941 402 3952 ..--..-----

269 3972 296 4038 l)
313 3971 419 4022 I'riuote
439 3972 649 4039 Correepondence
667 3971 697 4027 of
715 3971 823 4023 thttam
844 3971 954 4036 Cowper,
973 3983 1016 4022 etc.

266 4055 295 4122 2)
317 4055 369 4105 ttae
385 4054 488 4120 Historp
506 4056 537 4119 os
547 4055 650 4122 Enylielr
663 4056 763 4120 Poeans,
772 4055 843 4117 from
862 4055 899 4103 tlte
911 4054 981 4105 Close
999 4057 1029 4120 of
1042 4057 1081 4106 tlte
1097 4057 1203 4108 elecentb
1220 4068 1244 4108 to
1262 4059 1300 4110 tle

202 4138 405 4190 Commencement
422 4138 501 4202 oftlce
519 4138 648 4205 eiylsteentlt
670 4136 782 4202 Centurp.
