3175 5025
721 348 761 412 15

189 563 293 652 poetis
313 557 443 634 Italicis,
465 554 613 639 quiante
634 551 739 637 ipsum
760 549 896 624 fuerant,
919 546 1064 633 scriptas,
1087 543 1175 629 quod
1193 541 1295 607 corni-

192 665 298 731 turin
328 658 435 724 vorbis
456 655 525 720 eius
556 653 658 719 hisce:
691 651 764 730 „Mt
790 650 940 713 cadeoaoo
972 646 1159 711 dodemani
1184 668 1244 732 per
1264 644 1294 706 Io

194 764 401 849 lampaidezam
423 755 570 822 tmocclitd
590 752 784 843 cprolisoitd
805 752 856 815 dei
874 751 959 814 modi
978 771 994 813 c
1014 746 1064 813 dcl
1083 769 1179 821 corso,
1206 767 1295 808 senza

189 863 322 951 porlore
349 862 407 947 poi
435 858 516 923 della
548 867 734 921 snorootozza
761 855 811 917 dei
825 852 970 939 pettsicri.
1021 847 1066 914 Or
1087 845 1198 935 perolio
1228 843 1294 906 mai

197 973 300 1048 questo
327 970 430 1024 nostra
451 958 556 1022 diuina
578 956 694 1042 linqua,
716 955 742 1018 ai
764 953 901 1016 masobia
922 973 1013 1025 auco,
1041 950 1078 1012 cd
1098 949 1252 1032 ermrpica,
1281 968 1297 1006 e

187 1062 292 1145 feroce
313 1062 345 1123 t'tt
371 1060 458 1123 bocco
486 1059 521 1121 di
539 1056 660 1131 Dante,
692 1056 788 1117 doora
815 1049 875 1115 ello
894 1050 982 1136 sarsi
1010 1048 1069 1111 cosi
1099 1047 1239 1110 abiaram
1260 1045 1298 1107 ed

196 1182 310 1225 etrouca
323 1157 374 1223 uel
385 1157 506 1243 diclopo
527 1157 640 1241 tropico
650 1151 686 1217 ?“
700 1153 769 1231 „To
791 1173 860 1214 mon
882 1148 950 1211 tima
971 1146 1032 1211 siole
1053 1146 1092 1232 os
1109 1145 1155 1208 tlte
1171 1144 1299 1229 lamprid

196 1283 322 1323 manner
344 1260 380 1345 off
389 1260 466 1322 their
484 1257 737 1342 contemporaries
756 1254 971 1337 rappodoeas‚“
994 1249 1063 1312 iure
1085 1247 1205 1332 optimo
1221 1243 1300 1308 dicit

195 1360 416 1445 Maoaulayus,
431 1359 569 1436 „aeemed
582 1352 715 1419 uoeaial
726 1352 823 1439 fault,
846 1375 882 1415 or
902 1348 1169 1435 rotberopoot'tt‘oc
1179 1346 1298 1409 mmiffl

278 1460 390 1543 Atque
426 1479 512 1521 nuno
543 1454 690 1537 quidem,
723 1450 779 1516 ubi
821 1453 997 1532 Cinnani,
1035 1451 1135 1529 ΜΙΙ,
1170 1449 1299 1525 torpeti

198 1583 305 1625 mores
327 1568 359 1622 et
379 1555 509 1641 ingenia
531 1576 627 1637 quam
649 1551 846 1617 brevissimis
864 1549 1044 1616 describere
1059 1562 1091 1613 et
1105 1569 1244 1632 quonam
1266 1546 1297 1610 in

196 1660 310 1725 litteris
332 1655 479 1741 Anglicis
499 1652 595 1739 positi
616 1651 734 1717 fuerint
758 1651 841 1729 loco,
863 1652 1030 1716 ostendere
1062 1660 1195 1714 conatus
1217 1669 1299 1722 sum,

199 1758 302 1831 adid,
323 1755 410 1839 quod
431 1754 464 1817 in
487 1763 554 1817 toto
574 1752 635 1817 hoo
659 1773 789 1816 munere
811 1750 888 1815 mihi
909 1749 1109 1836 propositum
1131 1758 1190 1825 ost,
1213 1768 1302 1811 acce-

200 1858 275 1920 dere
300 1856 390 1931 lioet,
423 1853 465 1917 ad
496 1856 743 1935 conparatione·
776 1851 848 1915 dieo
883 1854 1048 1917 versitas!
1085 1852 1299 1915 lanarium

202 1962 238 2022 ab
275 1960 335 2021 tttts
370 1957 464 2020 tribus
498 1958 567 2021 stris
607 1957 843 2035 conposuerat.
893 1949 970 2034 Qua
997 1952 1031 2017 in
1063 1972 1098 2015 re
1132 1972 1206 2015 cum
1239 1951 1301 2015 alia

203 2056 374 2143 spectanda
395 2055 468 2132 sint,
490 2066 558 2118 tum
580 2053 641 2118 tria
662 2053 760 2139 digna
785 2052 862 2116 mihi
889 2039 1038 2116 videntur
1065 2073 1145 2128 esso,
1168 2051 1207 2115 de
1229 2051 1301 2135 qui-

202 2158 263 2221 bus
284 2155 379 2242 paulo
401 2154 579 2220 accuratius
601 2176 639 2219 ao
657 2152 804 2218 subtilius
819 2153 1007 2239 disputetur.
1048 2151 1195 2217 Primum
1216 2152 1301 2215 enim

203 2259 394 2340 (lentigine,
423 2256 538 2321 deinde
565 2256 606 2321 de
631 2258 804 2322 rationein
829 2257 959 2320 versibus
981 2256 1138 2320 comeatu
1159 2256 1301 2330 atttttta,

202 2359 294 2424 tertio
324 2358 461 2443 denique
481 2358 553 2423 loco
575 2357 615 2422 de
638 2359 754 2423 dicendi
776 2379 901 2439 genero,
923 2378 987 2440 quo
1008 2355 1042 2420 in
1065 2354 1218 2421 vertendo
1240 2355 1301 2419 viri
1326 2357 1336 2376 '

201 2459 245 2524 illi
267 2457 317 2523 usi
341 2458 419 2536 sint,
443 2457 665 2523 disserendum
684 2478 755 2522 essa
776 2455 926 2522 arbitror.

283 2559 431 2624 Primum
462 2560 560 2645 igitur
591 2559 631 2623 de
664 2562 777 2641 origine
810 2558 936 2622 illarum
973 2560 1136 2622 tentem
1168 2576 1304 2638 quaera-

203 2682 296 2734 mus,
323 2658 356 2722 h.
386 2680 413 2722 e.
442 2658 559 2742 quibus
578 2658 781 2745 potissimum
807 2657 905 2723 rebus
931 2656 1149 2742 unusquisque
1177 2677 1216 2719 ex
1240 2654 1302 2718 illis

204 2755 307 2840 tribus
325 2756 427 2840 poetis
449 2757 490 2820 ad
511 2757 691 2822 Homerum
712 2758 900 2822 vertendum
922 2768 1098 2822 commotus
1121 2755 1172 2832 sit,
1194 2755 1303 2819 videa-

205 2876 287 2918 mus.
319 2853 370 2919 Ao
391 2855 533 2940 profecto
554 2867 600 2934 ut,
622 2856 649 2921 si
670 2857 743 2940 quis
764 2857 848 2923 vitae
870 2855 1036 2923 cuiusdam
1050 2854 1110 2918 viri
1125 2854 1303 2941 ,imaginem

206 2952 384 3037 exprimere
404 2950 500 3032 vole't,
521 2954 549 3019 is
574 2978 682 3021 amore
709 2969 741 3022 et
767 2956 873 3022 studio
896 2956 990 3021 huius
1018 2955 1064 3020 rei
1092 2954 1305 3019 inflammatus

206 3054 247 3119 sit
261 3076 390 3119 necesse
404 3055 474 3132 erit,
495 3055 541 3119 ita
560 3054 589 3120 is
611 3078 750 3141 quoque,
772 3057 828 3141 qui
849 3056 1036 3142 scriptorem
1051 3056 1210 3141 quendam
1231 3056 1308 3121 alit·-

204 3177 282 3219 num
302 3153 336 3219 in
359 3177 450 3219 suam
470 3153 613 3241 linguam
634 3158 806 3222 transferre
832 3175 975 3239 conatur,
1002 3157 1098 3222 huius
1124 3157 1170 3222 rei
1197 3156 1303 3222 studio

204 3278 241 3319 ao
262 3252 424 3318 voluntate
445 3264 590 3320 teneatur
610 3266 746 3342 oportet,
762 3256 789 3320 si
804 3257 901 3321 modo
923 3257 1053 3343 dignam
1074 3257 1176 3321 alieno
1197 3278 1304 3321 exem-

203 3353 286 3440 plari
306 3353 480 3440 imaginem
498 3377 667 3440 procreare
689 3357 766 3420 vult.

289 3455 399 3539 Atque
423 3454 500 3521 huic
524 3454 654 3539 quidem
674 3456 731 3533 rei,
755 3477 837 3540 quae
858 3458 1037 3522 necessario
1063 3480 1082 3522 a
1106 3477 1234 3540 quoque
1255 3455 1305 3520 in-

207 3564 342 3639 terprete
373 3555 528 3642 postulari
557 3555 666 3635 debet,
699 3555 786 3623 solus
819 3562 996 3642 disputans
1028 3557 1189 3623 satisfecit.
1238 3553 1304 3622 Sed

208 3652 302 3718 huius
321 3669 433 3740 poetae
455 3656 574 3723 Graeci
595 3680 687 3722 amor
706 3670 738 3723 et
759 3660 911 3737 studium,
942 3681 1014 3725 cum
1041 3660 1106 3724 fero
1133 3658 1304 3744 lymphati·

208 3774 282 3816 cum
301 3756 409 3819 vocari
429 3757 541 3843 possit,
563 3757 670 3823 nescio
691 3781 732 3823 an
753 3759 857 3844 magis
877 3759 1072 3824 laudandum
1088 3781 1184 3843 quam
1199 3758 1305 3841 aliqua

207 3874 247 3915 ex
268 3864 358 3937 parte
379 3857 674 3939 reprehendendum
697 3857 746 3922 sit.
789 3858 829 3923 In
854 3859 1049 3944 praefatione
1075 3858 1117 3923 ad
1142 3858 1304 3935 lectorem,

205 3953 280 4041 „Of
294 3953 340 4018 att
360 3953 483 4032 books‚“
496 3955 609 4040 inquit,
625 3970 748 4037 „aotam
767 3961 802 4023 in
822 3959 867 4022 att
887 3959 1105 4024 kindsHomer
1121 3961 1156 4023 ia
1174 3960 1220 4022 tlte
1230 3960 1306 4046 first

206 4056 271 4118 aad
296 4055 390 4120 bost.“.
433 4051 583 4120 Ostendit
608 4079 736 4141 quoque
763 4057 897 4121 nimium
923 4058 991 4122 eius
1020 4057 1117 4121 animi
1146 4059 1305 4123 fervorem

206 4155 295 4221 locus
316 4155 350 4221 in
371 4153 506 4243 epistola
526 4155 721 4223 dedicatoria
740 4160 810 4236 „To
837 4158 902 4222 Tho
921 4158 1009 4244 Hipt
1030 4157 1122 4221 Bora
1140 4158 1253 4225 Prisce
1273 4157 1311 4242 of
