3175 5025
284 568 360 612 vera
381 548 449 613 eius
472 550 591 635 effigies
612 551 772 637 prodiret,
790 553 847 617 sed
868 576 931 617 non
954 564 1118 617 assecutus
1140 566 1198 630 est,
1220 552 1307 637 quod
1327 575 1387 617 vo·

284 646 355 725 luit,
382 649 472 738 cuius
498 650 545 713 rei
570 674 699 716 causam
726 652 800 717 inde
826 653 1004 719 ducendam
1030 675 1099 718 esse
1121 652 1271 730 arbitror,
1294 652 1384 737 quod

284 770 409 812 summa
427 762 560 814 martem
582 750 615 814 in
635 753 813 838 praeceptis
834 753 894 818 illis
916 753 1030 817 ieiunis
1052 765 1084 816 et
1100 776 1120 816 a
1142 775 1217 816 vera
1238 750 1386 816 doctrina

284 859 315 911 et
329 841 404 912 ¹arte
425 848 645 929 alienissimis,
668 875 749 936 quae
769 876 811 918 ex
832 854 1087 920 Franco-Gallia
1108 853 1310 940 potissimum
1332 875 1384 917 re-

284 948 382 1031 petita
402 961 503 1027 crant,
525 951 662 1036 positam
684 976 753 1018 esse
774 953 917 1040 putabat.
952 954 1098 1041 Vestigia
1118 954 1238 1040 ingenii
1259 953 1386 1017 Ilome·

285 1048 341 1114 rici
363 1050 396 1113 in
417 1051 512 1137 Popii
535 1054 681 1141 versione
712 1055 885 1121 admodum
912 1078 985 1120 raro
1013 1078 1047 1120 sc
1067 1056 1219 1141 produnt.
1261 1052 1387 1138 Popius

284 1149 317 1212 in
343 1152 538 1235 praefatione
567 1176 642 1217 suac
668 1155 825 1219 versionis
856 1155 897 1219 de
930 1152 1118 1241 Chapmuno
1150 1153 1246 1218 dicit:
1280 1153 1388 1231 ,ttae

284 1249 428 1314 witichis
449 1262 478 1315 to
499 1253 534 1317 bc
554 1251 682 1318 allowed
703 1254 776 1331 lim,
797 1257 863 1318 aad
881 1255 979 1319 which
999 1277 1068 1340 very
1088 1254 1177 1317 macl
1198 1254 1388 1317 contrtbutcd

283 1361 312 1413 to
331 1372 416 1414 coocr
436 1350 484 1414 tis
505 1352 629 1439 deJ'ects,
658 1354 685 1416 is
706 1377 726 1416 a
747 1355 860 1439 daninp
870 1355 952 1443 sicry
970 1356 1062 1441 spirit
1082 1353 1147 1417 that
1168 1354 1315 1416 animatas
1337 1351 1388 1415 lu‘a

284 1448 482 1527 manslation,
510 1450 607 1515 sclicla
632 1454 659 1516 is
684 1454 850 1539 sornetltinp
876 1453 933 1519 lile
957 1454 1038 1517 saltat
1058 1476 1114 1517 onc
1133 1453 1230 1537 mipbt
1250 1452 1387 1537 imapinc

284 1547 402 1613 Homer
424 1550 549 1636 birnself
563 1553 665 1616 would
685 1553 760 1619 lave
780 1556 897 1619 written
918 1555 1016 1642 before
1042 1554 1079 1619 bc
1102 1555 1226 1617 amaad
1245 1563 1277 1616 ot
1293 1575 1387 1637 years

284 1650 323 1735 of
339 1651 530 1716 discretion.“
574 1650 666 1734 Quae
698 1653 798 1718 verba
824 1654 919 1740 Popii
955 1654 1116 1718 Hem-icus
1136 1653 1265 1718 Hallam
1285 1652 1307 1734 ¹)
1327 1651 1386 1717 ubi

285 1748 407 1813 attulit:
439 1751 511 1829 ,He
538 1753 634 1838 miplat
660 1754 740 1819 laone
770 1756 901 1831 added,“
932 1754 1053 1838 inquit,
1085 1754 1171 1832 „that
1196 1752 1387 1839 Cltopntan’a

284 1849 479 1928 translation,
501 1853 573 1915 witi
594 1853 639 1917 cll
658 1856 696 1918 its
717 1855 838 1942 defecta,
861 1858 888 1919 ic
910 1856 991 1943 osten
1012 1853 1200 1939 cncecdinply
1220 1854 1387 1928 Homer-im

285 1953 429 2039 spaniae
448 1952 546 2017 codici
568 1954 655 2042 Popc
683 1955 809 2042 himself
829 1956 943 2021 caldam
964 1956 1129 2020 attaincd.“
1171 1953 1387 2018 Desideratur

284 2050 318 2115 in
339 2051 434 2138 Popii
455 2054 601 2118 versione
621 2056 742 2141 species
763 2056 817 2120 illa
838 2056 1008 2142 singularis
1030 2078 1068 2119 ac
1088 2067 1212 2131 natura,
1232 2076 1314 2137 quae
1335 2066 1388 2119 est

285 2150 464 2235 antiquitati
485 2154 632 2239 propria,
654 2167 690 2219 ut
710 2155 794 2220 illius
815 2156 929 2219 heroes
949 2156 1105 2241 genuinos
1126 2153 1283 2219 Boileauii
1303 2152 1388 2218 filios

200 2324 204 2330 ,
286 2252 390 2317 dicere
411 2251 491 2317 benc
512 2252 614 2319 liceat.
655 2254 730 2319 Non
757 2255 879 2320 accedit
904 2256 946 2319 ad
973 2254 1121 2320 subtilem
1142 2254 1228 2319 illam
1249 2252 1387 2317 Homeri

285 2375 410 2418 morum
431 2367 464 2418 ct
483 2354 626 2420 indolnm
648 2355 924 2441 depingendorum
942 2366 1053 2432 artem,
1074 2377 1177 2438 neque
1192 2354 1287 2418 etiam
1308 2353 1388 2418 satis

285 2452 449 2540 spectabat
460 2454 705 2542 mythologicam
717 2468 861 2521 veterum
876 2454 1173 2532 considerationem,
1195 2467 1232 2519 ut
1245 2451 1389 2518 breviter

285 2553 330 2618 ita
351 2554 456 2620 dicere
477 2555 580 2634 liceat,
602 2556 739 2640 deniqne
761 2578 856 2642 saepe
869 2555 1039 2641 indiligens
1053 2570 1102 2620 est
1116 2555 1286 2638 multisque
1306 2553 1389 2619 locis

287 2653 413 2721 Graeca
434 2655 533 2720 verba
551 2657 811 2743 circumscripsit,
826 2678 1021 2740 quamquam
1034 2656 1117 2721 hanc
1131 2655 1233 2741 ipsam
1252 2653 1295 2718 ob
1317 2676 1387 2718 rem

287 2753 510 2841 Chapmanum
532 2756 776 2843 vituperaverat.
817 2756 893 2822 Non
914 2779 988 2821 raro
1009 2778 1137 2840 quoque
1153 2754 1387 2841 simplicitatem

287 2855 451 2920 Homerici
477 2857 633 2921 sermonis
662 2857 740 2921 falsa
767 2868 1028 2921 ornamentorum
1047 2855 1173 2920 luxuria
1195 2852 1388 2919 obliteravit.

289 2956 442 3021 Attamen
463 2978 503 3020 ne
523 2956 640 3020 nimius
661 2956 773 3020 videar
786 2956 820 3020 in
833 2954 1056 3042 vituperando,
1070 2955 1231 3019 laudanda
1244 2955 1390 3040 profecto

286 3068 335 3121 cst
362 3055 527 3142 diligentia
548 3055 644 3141 Popii
674 3055 708 3119 in
739 3054 865 3119 dicendi
897 3076 1015 3141 genere
1044 3053 1197 3130 adhibita,
1227 3053 1317 3118 cuius
1339 3053 1388 3118 rei

285 3157 444 3223 luculenta
464 3167 538 3222 sunt
558 3157 749 3222 documenta
776 3156 912 3221 schedae
937 3155 1020 3220 illius
1046 3154 1291 3240 manuscriptae,
1313 3151 1388 3237 qui·

286 3257 346 3323 bus
358 3281 454 3342 quam
465 3268 610 3339 accurate
622 3268 653 3322 et
665 3255 823 3321 subtiliter
834 3254 959 3341 singula
969 3253 1174 3340 perpoliverit
1183 3253 1388 3340 perspicitur.

285 3356 398 3442 Neque
426 3357 522 3422 ctiam
548 3358 659 3444 negari
687 3368 803 3443 potest,
831 3356 992 3420 interdum
1021 3354 1136 3440 spiritu
1164 3377 1238 3419 vere
1260 3355 1387 3440 poetico

286 3481 358 3522 eum
380 3457 523 3523 inflatum
543 3458 653 3534 fuisse,
675 3457 732 3521 sed
753 3457 787 3521 in
808 3456 993 3521 universum
1010 3476 1122 3518 severa
1142 3455 1210 3518 eius
1227 3467 1259 3519 et
1280 3453 1389 3540 rigida

286 3555 464 3621 constantia
484 3554 581 3619 nimia
603 3554 808 3620 similitudine
828 3553 962 3620 laborat.
996 3551 1243 3618 Observandum
1259 3576 1390 3637 quoquo

287 3655 444 3739 estquod
475 3655 597 3740 Popius
629 3654 797 3741 proprium
827 3654 888 3720 sibi
920 3666 953 3720 et
983 3654 1143 3740 singulare
1173 3653 1279 3731 habet,
1312 3676 1389 3718 eum

288 3754 441 3820 orationis
463 3755 604 3832 modum,
626 3776 722 3839 qucm
744 3755 963 3820 antitheticum
984 3765 1110 3831 vocant,
1136 3754 1228 3818 valde
1250 3777 1386 3820 amasse.

289 3855 364 3939 Quo
386 3859 503 3923 factum
532 3867 589 3935 est,
620 3867 656 3921 ut
688 3856 792 3921 versio
814 3855 883 3920 cius
905 3854 1197 3942 epigrammaticum
1225 3856 1390 3939 quandam

295 4013 493 4022 ———---.-

357 4098 384 4161 l)
409 4097 576 4147 Introduction
593 4106 617 4146 to
635 4097 672 4148 tlte
689 4095 832 4147 Litcratnrc
856 4097 888 4160 (γ’
900 4095 1001 4160 Europe
1019 4095 1043 4144 in
1060 4094 1098 4144 tte
1109 4094 1235 4160 ,a'steentb
1257 4093 1390 4155 slatsentlt,

287 4181 340 4232 cml
352 4182 505 4233 acccntccntd
526 4180 657 4233 Centrn‘ieo.
