3175 5025
257 510 320 578 ato
341 511 439 575 colticis
459 515 482 577 a
504 516 531 577 is
550 515 718 582 translated
738 521 765 581 is
788 543 808 584 a
831 532 895 586 tate
915 522 1052 608 Implet
1072 525 1155 610 rarle,
1177 527 1289 614 thouph
1309 541 1362 596 ttot

251 612 389 699 perhaps
410 638 429 678 a
450 637 519 700 very
540 615 655 701 elepaat
677 642 713 682 or
729 620 863 706 poetical
879 644 945 698 out,
966 647 1037 708 may
1061 625 1127 689 alto
1150 627 1184 691 be
1204 632 1361 705 assttmtd5

256 712 307 773 bat
327 736 370 775 aa
391 736 443 776 ara
467 726 518 778 aot
537 738 605 779 sare
626 717 690 780 that
710 742 730 780 a
751 721 836 803 apta
855 722 919 784 aad
939 722 1056 786 coodid
1070 726 1214 790 triticiam
1235 728 1302 791 wilt
1315 742 1358 813 'po

245 811 371 895 sortirer
392 814 425 878 in
447 814 492 897 {its
513 818 788 899 'coormeadatr'oass

336 1113 556 1182 Cervantes
572 1119 657 1184 haud
679 1120 784 1207 inepto
806 1123 969 1189 versiones
991 1138 1155 1212 comparat
1176 1150 1248 1193 cum
1266 1140 1357 1216 tergo

229 1236 232 1241 ·
256 1224 413 1280 textorum
436 1230 623 1303 tapetarum.
666 1219 718 1285 Ac
739 1224 882 1308 profecto
904 1225 1026 1291 alicnus
1041 1226 1178 1312 scriptor
1198 1227 1238 1292 ab
1260 1229 1360 1295 inter·

252 1329 340 1398 prete
361 1340 425 1380 narr
447 1317 617 1404 perfectius
649 1321 742 1385 reddi
773 1335 897 1408 potest,
931 1347 1026 1408 quam
1059 1327 1191 1411 pictoris
1217 1327 1358 1415 imagine

251 1427 366 1480 natura
386 1416 464 1502 ipsa.
510 1415 608 1504 Quod
639 1442 712 1483 cum
747 1420 876 1485 omnino
908 1445 1034 1511 vorum
1053 1425 1094 1489 sit
1123 1437 1189 1490 tum
1216 1428 1303 1492 cadit
1322 1431 1356 1494 in

251 1514 442 1592 Homerum,
464 1539 560 1601 quem
575 1517 723 1584 omnibus
738 1521 880 1585 numeris
895 1521 1040 1589 obsolute
1054 1524 1086 1588 in
1103 1526 1197 1590 aliam
1211 1527 1355 1614 linguam

252 1615 416 1681 transferri
436 1639 542 1702 posse,
565 1641 698 1704 prorsus
718 1642 813 1705 nego.
856 1621 889 1685 A
923 1622 1019 1689 rebus
1051 1639 1083 1691 et
1115 1628 1355 1697 conditionibus

250 1716 445 1782 Homericae
469 1718 581 1783 aetatis
603 1733 634 1783 et
658 1722 811 1805 temporis
833 1737 863 1788 et
879 1725 1005 1810 linguae
1020 1726 1185 1792 intervallo
1202 1729 1354 1797 disiuncti

251 1842 360 1883 sumus
397 1818 613 1904 insuperabili.
666 1820 810 1886 Litterae
842 1824 999 1910 Angiicae
1031 1828 1184 1913 optimam
1215 1830 1356 1895 Homeri

249 1918 427 1982 versionem
451 1917 675 2005 Chapmauo
701 1920 828 2001 debent,
856 1925 911 1988 sed
934 1926 1043 2010 negari
1067 1949 1131 1990 nou
1153 1920 1259 2013 potest
1280 1930 1358 1995 huic

248 2040 376 2102 quoque
398 2043 461 2083 non
484 2020 655 2105 contigisse
677 2032 712 2085 ut
736 2021 806 2086 illas
834 2023 1033 2090 difficultates
1060 2041 1233 2112 superaret.
1276 2029 1353 2096 Non

247 2121 387 2185 cernitur
408 2121 440 2184 in
455 2121 523 2186 eius
539 2120 687 2187 versione
701 2135 796 2206 poeta
818 2124 1026 2208 antiquitatis,
1039 2126 1095 2190 sed
1110 2127 1217 2211 potius
1238 2151 1278 2193 ex
1300 2154 1356 2196 ae-

247 2222 531 2299 inclamantia,
555 2222 581 2287 si
603 2224 648 2286 ita
669 2222 774 2287 dicere
794 2224 985 2308 permissum
1007 2237 1066 2302 est,
1088 2227 1259 2311 profectus.
1288 2229 1353 2295 At-

247 2335 352 2386 tamen
372 2321 434 2386 hoo
454 2344 519 2385 non
540 2322 585 2385 ita
606 2321 826 2407 accipiendum
845 2336 903 2400 est,
927 2337 961 2387 ut
974 2321 1196 2411 Chapmonum
1217 2328 1251 2391 in
1273 2351 1354 2394 con-

245 2429 380 2495 ficiendo
415 2452 510 2517 opere
543 2452 601 2494 suo
632 2430 764 2517 propria
795 2430 896 2518 ipsius
930 2442 1045 2495 notura
1070 2446 1100 2497 et
1121 2434 1229 2499 indole
1254 2435 1352 2503 nimis

245 2533 375 2598 ductum
397 2532 495 2596 fuisse
517 2530 695 2608 credamus,
724 2530 864 2608 minime,
891 2532 1047 2597 rationem
1068 2556 1164 2599 verae
1187 2537 1248 2601 arti
1269 2560 1351 2603 oon-

243 2634 422 2698 venientem
450 2643 587 2697 sectatus
610 2643 667 2709 cst,
695 2653 760 2695 nou
786 2654 876 2695 suam
899 2634 1086 2698 sententiam
1114 2634 1265 2713 declarat,
1290 2641 1350 2704 sed

244 2757 312 2798 rem
332 2734 434 2820 ipsam
454 2744 574 2810 narrat,
596 2755 692 2816 quam
713 2731 756 2796 ob
777 2745 983 2817 tempraoter
997 2749 1120 2799 ceteros
1140 2736 1266 2804 laudari
1289 2739 1352 2804 de·

244 2833 308 2913 bet,
330 2857 404 2897 nam
424 2832 477 2897 alii
502 2845 616 2918 poetae
637 2832 780 2917 Anglici,
808 2830 863 2916 qui
888 2844 1012 2898 tantum
1039 2833 1174 2898 Homeri
1202 2840 1349 2904 vertendi

244 2957 324 3000 onus
358 2933 418 2999 sibi
447 2934 609 3019 imponere
632 2933 701 2998 ausi
729 2944 813 3010 sunt,
841 2933 944 2997 iacere
976 2956 1041 2998 non
1060 2948 1243 3020 potuerunt,
1268 2941 1347 3023 quin

244 3060 334 3101 suam
356 3050 504 3100 naturam
534 3046 565 3099 et
597 3034 761 3121 ingenium
792 3033 888 3098 nimis
910 3034 1091 3120 proderent.
1133 3036 1342 3106 Praeclarum

244 3135 423 3224 Chapmoni
444 3158 559 3222 poema
580 3134 620 3221 ab
641 3134 736 3199 huius
758 3133 910 3219 temporis
931 3132 1143 3221 Anglioorum
1158 3136 1344 3203 criticorum

240 3237 437 3325 principibus
452 3259 516 3302 uno
532 3258 587 3299 ore
602 3233 844 3320 comprobatum
859 3244 917 3297 est.
940 3232 994 3299 Sic
1010 3233 1189 3301 Godwiuus
1211 3238 1234 3321 ¹)
1256 3238 1345 3302 dicit:

241 3341 317 3418 „Aa
337 3340 463 3404 obrodit
485 3337 664 3401 translation
693 3338 720 3400 is
748 3337 904 3422 aoobjcct
932 3338 1060 3399 avoided
1080 3337 1117 3422 try
1138 3338 1185 3402 tta
1196 3338 1259 3424 fop
1281 3343 1348 3403 aad

242 3440 289 3504 tire
300 3442 367 3528 fiae
389 3439 476 3525 lady3
508 3440 560 3502 bat
580 3440 604 3502 it
623 3440 651 3502 is
667 3439 811 3524 preciosa
833 3449 861 3502 to
883 3439 930 3502 tho
953 3462 1027 3502 maa
1047 3439 1180 3524 oftaste,
1201 3440 1249 3504 tta
1269 3465 1344 3504 maa

241 3539 411 3627 trfseeliap,
434 3540 498 3602 aad
518 3538 564 3602 tito
583 3538 793 3625 philosophae.
836 3537 878 3601 Ia
904 3537 952 3602 tlte
980 3537 1032 3601 old
1054 3538 1189 3622 English
1210 3539 1342 3617 Homer,

231 3639 289 3726 sor
309 3638 455 3725 evemplo,
477 3637 504 3701 I
519 3637 593 3702 have
614 3660 694 3702 serat
708 3637 854 3723 pleasara
867 3637 1025 3701 iaasmaclt
1040 3661 1075 3699 as
1095 3639 1119 3699 I
1126 3639 1201 3725 find
1220 3638 1343 3702 Homer

240 3739 364 3824 himsed
380 3739 476 3814 thora·
498 3739 549 3802 bat
573 3738 598 3801 I
619 3737 693 3801 aava
714 3737 779 3801 aito
802 3762 844 3800 aa
872 3735 1058 3800 iatttimable
1073 3736 1218 3823 plectra-e
1238 3740 1342 3804 added

239 3850 268 3903 to
299 3839 379 3915 rtis,
411 3837 500 3902 altile
523 3837 694 3913 Itomae-k,
727 3837 791 3900 aad
802 3835 868 3923 feel
888 3836 923 3899 in
948 3859 998 3919 my
1022 3836 1134 3901 iamott
1160 3837 1256 3915 beart,
1292 3838 1342 3903 tlte

238 3938 393 4003 vaaerable
414 3939 478 4001 aad
508 3937 678 4002 illustrioas
707 3938 785 4022 parb
818 3939 852 4000 ia
883 3935 982 3999 witich
1008 3935 1044 3999 lte
1074 3937 1192 4000 istius
1212 3938 1345 4024 ormtqlrt

307 4161 333 4224 l)
352 4160 428 4210 Lt'oes
446 4161 476 4224 of
487 4158 602 4210 Edward
618 4157 668 4207 aad
683 4156 749 4205 «latta
766 4155 872 4222 Plrilt'ps.
