3175 5025
659 343 809 436 .-4

248 532 362 600 studiis
376 534 409 600 iu
424 536 568 600 Homero
590 537 743 600 vertendo
766 536 926 601 collocatis
948 537 1011 600 iam
1033 537 1255 601 disserendum
1278 538 1350 603 erit.

248 635 298 700 Ao
312 636 451 721 primum
467 637 607 719 quidem,
628 648 664 700 ut
686 650 770 701 reate
791 637 926 701 iudicari
940 637 1053 723 possit,
1068 651 1225 721 qnatenus
1241 636 1351 703 Grae-

247 761 319 800 rum
344 737 505 822 exemplar
531 738 683 801 vertendo
713 738 849 801 asserenti
878 739 955 814 siut,
984 750 1092 816 antea,
1121 762 1178 821 uuo
1207 743 1275 804 loro
1303 744 1351 807 uu

246 842 298 902 riri
322 842 351 902 in
377 842 485 903 litteris
510 841 631 921 tugiiris
651 842 739 920 positi
768 842 896 919 fuerint,
923 838 1033 922 paneis
1060 839 1270 903 adumbretur
1292 864 1350 906 ne·

245 961 332 1002 cesse
355 952 411 1001 est.

327 1039 380 1116 Da
402 1042 555 1122 Ciuprmuni
576 1039 659 1102 vitae
681 1039 917 1103 conditionibus
939 1063 1020 1123 <puae
1042 1039 1214 1103 memoriae
1230 1041 1350 1105 tradita

245 1149 319 1202 suut
344 1177 383 1184 —
410 1152 441 1202 et
466 1162 566 1224 parva
591 1139 721 1222 quidem
748 1138 860 1202 notitia
888 1139 929 1202 ad
957 1163 1015 1202 nos
1041 1141 1186 1225 pervenit
1213 1149 1348 1205 ——non

248 1238 404 1323 integram
419 1239 512 1301 iidem
535 1236 663 1314 habeut,
687 1261 761 1300 nam
778 1238 877 1301 muita
891 1261 930 1301 ex
945 1239 990 1301 eis
1005 1238 1181 1302 fabularum
1198 1239 1349 1304 fictarum

246 1338 382 1424 speciem
405 1361 480 1424 prae
503 1360 536 1401 se
558 1339 679 1415 ferunt,
705 1338 750 1401 ita
775 1351 812 1401 ut
837 1338 920 1401 idem
943 1338 1016 1402 huie
1036 1353 1148 1422 poetae
1172 1340 1348 1424 routigisso

244 1438 409 1502 rideamus
437 1437 524 1520 quod
554 1435 770 1522 Shaksporio:
805 1438 893 1500 utin
918 1438 1173 1513 narratiunculis,
1201 1461 1283 1521 sruae
1308 1443 1348 1504 (le

244 1542 312 1602 rius
338 1539 403 1601 vita
435 1550 619 1613 versantur,
646 1553 825 1601 commenta
862 1561 933 1601 cum
961 1538 1044 1601 veris
1073 1539 1243 1601 commixta
1271 1542 1347 1606 sint.

252 1635 349 1717 Quod
373 1640 501 1701 omnino
524 1639 589 1700 sere
616 1637 741 1700 evenire
764 1638 853 1713 solet,
876 1636 931 1701 ubi
954 1661 1001 1713 ea,
1031 1660 1112 1721 quae
1139 1638 1179 1701 ab
1212 1640 1349 1705 historia

246 1738 362 1801 tradita
378 1751 461 1816 suut,
477 1761 540 1801 non
564 1737 723 1801 sufiiciunt
750 1738 790 1800 ati
812 1761 982 1823 personam
1005 1739 1165 1820 quamdam
1188 1740 1265 1803 sutis
1288 1742 1347 1804 ‹le-

243 1839 446 1924 pingendam.
475 1838 577 1902 Natus
600 1851 648 1901 est
664 1835 826 1923 Georgius
843 1835 1060 1921 Clrnpmanus,
1083 1836 1226 1901 Antonio
1240 1838 1347 1904 Woo·

244 1939 297 2001 ‹lio
320 1950 459 2013 auctore,
483 1962 565 2001 anuo
581 1937 762 2013 MDLVH,
786 1937 838 2001 alii
858 1960 935 2000 vero
957 1938 1143 2021 atracioque
1161 1939 1345 2004 testimonio

242 2038 303 2102 uisi
331 2060 414 2101 auno
442 2036 599 2102 MDLIX
626 2038 762 2122 primam
794 2036 897 2099 iurem
921 2059 994 2099 eum
1028 2038 1230 2122 r‹mspexisse
1266 2063 1345 2103 eon-

243 2139 391 2214 trarium,
413 2137 444 2200 iu
469 2138 555 2212 viro,
577 2147 617 2200 ut'
635 2138 770 2212 videtur,
795 2137 962 2221 «Ilitrlriap
987 2137 1087 2205 liulf
1109 2161 1190 2220 (prae
1213 2139 1344 2221 quidem

246 2240 427 2303 coniectura
460 2238 533 2301 iude
556 2240 675 2301 iontem
697 2237 805 2312 (lucit,
833 2237 921 2320 quod
945 2235 1150 2320 Chapmauus
1176 2236 1216 2301 ab
1238 2238 1342 2300 antico

243 2338 285 2424 G,
308 2338 461 2405 Brou'nio
483 2338 514 2401 iu
537 2338 605 2400 eius
630 2338 842 2400 „Britannias
864 2336 1044 2399 Ραετοττιὼ(ί

380 2440 469 2518 ,Tae
491 2438 614 2501 learned
634 2438 783 2524 staphord
804 2437 919 2521 affiner
938 2436 1086 2523 llitrlriap
1111 2438 1204 2501 ΜΨ

242 2541 426 2627 appellatur.
471 2537 559 2618 Quid
582 2539 614 2602 iu
635 2538 771 2624 pueritia
792 2538 910 2621 egerit,
940 2560 1004 2621 qua
1031 2540 1150 2603 ratione
1177 2539 1345 2602 institutus

241 2641 352 2716 suerit,
381 2662 514 2724 prorsus
543 2638 716 2713 uesrimus3
749 2638 781 2700 iu
817 2651 937 2701 tautum
964 2660 1023 2723 pro
1046 2650 1205 2723 routperto
1228 2637 1345 2703 haberi

239 2740 323 2817 lieet,
346 2738 474 2802 iuvenili
497 2750 598 2800 aetate
620 2758 692 2799 eum
715 2737 952 2800 universitatem
977 2738 1151 2802 litterarum
1174 2734 1345 2802 Oxouien-

242 2863 307 2902 sem
331 2839 467 2914 adiisse,
493 2837 550 2901 ubi
572 2859 635 2920 quo
659 2838 754 2900 modo
777 2838 875 2901 vitam
898 2839 1021 2924 degerit
1043 2838 1103 2901 Th.
1124 2836 1304 2902 Wartonus
1321 2845 1344 2921 ¹)

240 2941 319 3003 haee
340 2950 472 3000 narrat:
502 2936 571 2999 „Ile
587 2938 702 3022 passed
722 2938 813 3000 aban?
839 2948 894 3001 two
912 2960 1002 3022 years
1023 2949 1055 3000 at
1082 2938 1198 3022 Triuitp
1224 2936 1346 3023 Callope

243 3032 276 3101 t'n
304 3036 431 3123 Oaford,
453 3036 526 3099 aira
547 3060 567 3098 a
590 3047 736 3123 contempt
757 3037 793 3122 af
807 3037 1006 3124 philosophy,
1030 3041 1081 3101 bat
1102 3041 1134 3101 ia
1155 3062 1174 3101 a
1197 3036 1274 3101 close
1295 3048 1344 3099 at-

241 3138 352 3201 tention
373 3147 401 3199 to
424 3137 470 3199 rae
495 3133 592 3199 Greek
616 3138 680 3198 aad
704 3138 829 3201 Roman
855 3138 985 3200 damian.
1029 3136 1169 3221 Leariap
1196 3137 1243 3199 tire
1270 3138 1344 3199 aui-

240 3238 349 3321 rarsitp
378 3237 468 3299 abant
492 3237 585 3312 1576,
614 3235 649 3300 lae
675 3260 766 3301 seems
795 3248 822 3301 to
851 3237 925 3301 have
945 3240 1016 3301 bera
1036 3237 1084 3300 tal
1104 3249 1131 3300 to
1153 3237 1288 3300 Londoa
1310 3239 1346 3300 in

241 3338 288 3401 tire
310 3338 464 3400 character
484 3360 500 3397 o
535 3360 556 3399 a
575 3341 680 3423 poet.“
720 3336 863 3400 Londiui
891 3338 966 3400 dum
995 3337 1074 3399 vivit
1100 3336 1238 3399 amiritia
1265 3359 1345 3399 eon-

240 3436 366 3501 iuuetus
389 3446 455 3498 orat
477 3457 549 3498 cum
571 3434 778 3520 Siraksperio‚
794 3433 966 3521 Sponsam,
982 3436 1162 3513 Marlowio,
1177 3435 1345 3499 BenJon-

243 3558 334 3611 sone,
362 3532 497 3599 Daniele
528 3534 659 3617 aliisque
686 3534 779 3598 elaris
808 3536 884 3599 viris
912 3560 971 3601 nee
998 3561 1062 3601 uon
1083 3540 1226 3601 favorem
1248 3533 1345 3599 Wal-

241 3634 414 3720 singhami,
443 3633 504 3697 viri
532 3633 669 3698 civitatis
690 3636 850 3719 gerendae
871 3636 1069 3721 peritissimi,
1097 3648 1259 3700 assecutus
1285 3650 1345 3699 rst.

239 3734 381 3798 Maxime
404 3747 509 3797 autem
533 3735 561 3797 ei
583 3735 661 3798 favit
682 3735 854 3812 IIenriaus,
869 3735 1017 3821 princeps
1040 3737 1079 3799 do
1104 3734 1225 3810 Wales,
1247 3757 1346 3817 quem

241 3858 324 3898 auno
346 3833 520 3899 MDCXII
542 3847 702 3899 mortuum
724 3836 756 3900 in
779 3836 929 3912 carmine,
948 3836 999 3898 eui
1021 3835 1147 3899 titulum
1169 3835 1345 3919 imposuit:

306 4071 334 4134 1)
358 4069 528 4134 'lira'llr'ntorp
547 4071 577 4133 af
590 4071 691 4134 Eupiiuir
710 4070 817 4134 Porti-p,
834 4070 906 4132 froin
929 4069 966 4117 tire
988 4070 1057 4120 Clara
1082 4074 1114 4136 qs
1126 4072 1163 4120 tlte
1181 4071 1300 4121 lita-aula
1322 4085 1346 4123 ta

241 4153 278 4201 tle
299 4153 500 4202 Caruarenraruant
518 4154 547 4217 as
560 4153 597 4201 tire
615 4152 756 4217 Ju'ylrtrentir
779 4154 891 4214 t'errturp.
