3175 5025
439 1114 533 1174 „lllnclt
550 1114 613 1164 inne
630 1113 649 1164 1
663 1109 784 1162 travelled
800 1110 824 1159 in
842 1106 879 1158 tle
896 1106 986 1158 renlme
1005 1107 1035 1171 of
1045 1104 1110 1172 pelei,

339 1199 341 1204 ’
437 1194 496 1248 And
512 1216 585 1263 many
601 1195 690 1262 qoodlp
708 1203 784 1245 states
797 1189 848 1243 ancl
865 1190 989 1256 linpdorns
1005 1208 1076 1247 seeum

438 1280 530 1331 Iloand
545 1298 618 1344 many
636 1288 738 1330 utentern
755 1276 850 1327 orande
867 1274 931 1324 leue
949 1274 965 1323 l
982 1274 1053 1329 been,

394 1364 478 1415 ll'ln'ele
496 1363 571 1413 barcls
589 1363 614 1412 in
623 1361 710 1427 sealty
728 1369 751 1409 to
769 1358 862 1425 Apollo
879 1358 944 1407 leold.

392 1448 434 1511 th
452 1450 482 1512 ‘ff
495 1466 539 1497 one
556 1446 619 1496 wicle
638 1463 746 1510 expense
763 1444 815 1494 tad
830 1444 848 1493 Ι
864 1446 920 1493 bern
938 1442 989 1492 told

444 1532 508 1580 llrnt
526 1527 694 1594 deep-brow’d
708 1528 802 1578 Homer
819 1525 890 1576 raled
906 1543 936 1575 ne
953 1525 991 1574 lule
1007 1523 1136 1574 ‹lernemet

445 1614 491 1662 Yet
507 1612 551 1662 did
566 1613 586 1663 I
599 1629 673 1662 neuer
690 1611 787 1661 brectlre
805 1611 836 1661 ite
851 1627 914 1675 pure
930 1623 1014 1658 serene

396 1696 421 1744 T
418 1696 446 1744 ill
461 1695 481 1745 Ι
494 1695 573 1745 leand
592 1695 719 1761 Clcpman
736 1693 815 1758 npenl:
833 1701 873 1741 ont
889 1692 948 1741 lornl
964 1691 1015 1740 arrd
1031 1689 1099 1740 bold:

396 1778 462 1827 Ilien
470 1778 523 1841 felt
539 1778 559 1828 Ι
573 1778 621 1828 lile
638 1792 703 1834 sonte
721 1775 828 1825 wateler
846 1776 876 1837 of
889 1775 927 1825 tle
943 1775 1008 1825 alies

447 1861 523 1912 Wlten
540 1880 558 1911 o
574 1880 626 1911 nero
642 1862 730 1926 planet
745 1860 827 1908 molare
844 1859 894 1907 into
911 1858 949 1908 lais
965 1858 1029 1918 l·en,·

395 1944 430 1992 Or
447 1945 494 1994 lile
511 1953 575 1993 rtout
594 1945 689 2003 Certen,
707 1944 775 1993 alten
793 1943 849 1993 eritlt
868 1943 936 2009 euple
954 1962 1009 2010 eyes

441 2028 481 2078 He
498 2028 584 2079 ceored
600 2038 626 2078 at
644 2028 682 2078 ne
698 2027 796 2089 Pncific
813 2054 846 2063 -
868 2025 920 2075 and
935 2026 972 2075 cll
986 2026 1024 2077 lie
1041 2044 1092 2076 rnen

392 2110 493 2159 λαοὶ-’(1
509 2120 536 2160 at
553 2109 613 2161 eorl
630 2110 697 2160 oller
715 2109 772 2159 min
789 2126 807 2158 n
825 2104 885 2159 toilcl
895 2109 997 2159 sumine
1015 2137 1046 2145 -

441 2193 533 2254 Silene,
551 2212 615 2259 upon
634 2212 651 2243 a
665 2194 734 2259 peak
751 2193 775 2243 in
793 2193 917 2244 Dorien.“

919 2277 993 2326 Jouu
1011 2276 1105 2326 linars.

324 2491 479 2576 Magnam
494 2491 616 2556 litterae
631 2491 787 2578 Anglieae
808 2490 994 2556 versionum
1008 2483 1255 2552 Homeriearum
1269 2506 1341 2552 ver*

242 2592 330 2655 sibus
353 2592 602 2675 compositarum
624 2591 867 2656 subministrant
888 2590 1023 2676 copiam,
1040 2589 1080 2652 dc
1095 2588 1211 2671 quibus
1225 2611 1343 2674 magna

241 2691 381 2753 cernitur
402 2691 509 2755 iudicii
532 2693 710 2755 diversitas·
741 2691 872 2754 Etenim
893 2700 966 2754 cuin
988 2689 1117 2752 omnino
1139 2689 1263 2774 magnis
1279 2691 1340 2753 dif-

242 2786 435 2850 ficultatibus
456 2789 496 2850 sit
515 2788 720 2872 impeditum,
743 2789 769 2852 si
792 2787 864 2870 quis
884 2802 1012 2875 poetam
1035 2784 1196 2852 Graecum
1221 2788 1254 2851 in
1280 2787 1341 2852 lin·

241 2908 339 2972 guam
362 2886 523 2968 quendam
544 2887 750 2950 recentiorem
774 2888 944 2951 transferre
966 2901 1114 2965 conatur,
1145 2885 1254 2951 mirari
1276 2912 1340 2952 non

240 2986 330 3062 licet,
360 2984 448 3067 quod
476 3006 568 3071 saepe
596 2983 768 3051 illiusmodi
802 2986 968 3049 conamina
997 2987 1063 3051 sine
1094 2987 1158 3051 ullo
1184 2984 1341 3073 probabili

241 3087 348 3150 fructu
369 3089 507 3151 fuertmt.

198 3272 201 3277 .
324 3185 433 3271 Atque
455 3209 515 3271 ego
537 3184 699 3250 versiones
714 3182 905 3248 Homericus
920 3183 1058 3271 Anglicn
1078 3187 1188 3273 lingua
1209 3209 1339 3273 compo·

241 3287 318 3351 sitas
340 3288 423 3351 inter
450 3309 483 3349 sc
511 3294 752 3369 comparaturus
778 3283 853 3348 huic
878 3285 1002 3349 muneri
1028 3308 1078 3350 mc
1105 3286 1340 3364 satisfacturum

240 3408 310 3449 esse
333 3409 437 3471 spere,
456 3387 652 3448 uon'omnes
674 3382 755 3461 illos,
773 3382 827 3467 qui
849 3382 1029 3449 Homerum
1050 3383 1186 3470 Anglice
1208 3381 1341 3450 reddere

242 3484 441 3562 studuerunt,
464 3485 519 3548 sed
533 3483 654 3547 nullum
669 3495 797 3568 practer
813 3481 1050 3570 Chapmmnm,
1072 3486 1222 3571 Pupium,
1244 3485 1340 3552 Con·-

240 3587 395 3667 perumin
410 3584 610 3650 collationem
630 3596 812 3648 vocaturus.
837 3580 921 3649 Cum
931 3585 1016 3647 enim
1037 3595 1159 3648 ceterae
1174 3587 1338 3650 versiones

241 3678 442 3761 Homericae,
455 3684 572 3767 quibus
587 3683 732 3749 homines
746 3684 876 3748 litterati
889 3685 1011 3749 litterae
1026 3681 1181 3768 Anglicas
1201 3685 1340 3771 loeuple-

243 3792 407 3858 tuvcruut‚
436 3795 575 3849 nuttam
596 3783 685 3847 nihili
709 3784 771 3847 sint
791 3784 972 3861 habendae,
1002 3809 1021 3848 a
1046 3784 1150 3848 iudice
1177 3781 1340 3871 impetrari

241 3892 278 3945 ut
298 3893 449 3964 nequeat,
482 3894 518 3947 ut
542 3882 776 3968 diligentiorem
803 3883 948 3947 instituat
973 3882 1013 3946 de
1042 3882 1088 3946 eis
1111 3881 1339 3966 quaestionem,

243 3992 298 4044 aut
319 3990 442 4044 tantum
466 3981 647 4064 specimina,
663 3979 780 4064 quibus
795 3981 921 4066 singula
935 3978 1064 4064 quidem
1079 3979 1240 4064 quomodo
1257 3997 1340 4048 trae·

244 4089 309 4144 tatn
330 4080 393 4145 sint
412 4079 551 4167 perspici
570 4080 682 4166 possit,
704 4102 808 4164 neque
829 4100 906 4144 vero
927 4080 960 4143 in
981 4079 1167 4147 universum
1182 4086 1221 4148 tle
1242 4083 1341 4150 intem
