3175 5025
744 320 844 413 -30,

241 514 377 583 Homeri
404 518 452 583 sni
480 518 618 583 editione
638 518 807 586 Miltonem
835 520 976 586 imitatus
998 522 1097 588 multe
1117 546 1156 588 ox
1177 523 1343 590 Romano-

241 639 313 681 mm
335 617 460 682 dieendi
483 618 711 682 consuetudine
732 619 866 703 repetite
891 620 922 684 in
944 622 1123 686 versionem
1146 646 1236 688 suem
1257 624 1345 689 inse-

240 717 315 795 mit,
334 732 446 803 postea
466 730 571 781 autem
594 719 625 782 in
649 719 747 782 altero
768 719 907 783 editione
928 733 1060 807 propter
1081 722 1190 800 multa,
1206 745 1291 807 quae
1311 726 1343 789 in

241 839 279 880 ee
305 818 591 902 reprehenduntur,
620 819 739 882 vitiae
767 818 846 883 viris
870 819 973 884 doetis
995 822 1048 886 illo
1079 832 1221 908 tempore
1246 846 1345 911 repu-

241 917 328 981 diata
349 930 380 981 et
400 941 485 983 nune
505 920 571 983 fere
604 917 764 983 oblivione
796 918 912 983 obruta
937 942 976 983 ea
997 920 1121 985 delevit.
1165 920 1249 987 Mihi
1272 934 1345 988 tan·

242 1031 308 1083 tum
330 1018 370 1081 de
391 1018 495 1104 prime
516 1018 653 1083 editione
680 1018 836 1084 indicium
867 1020 979 1083 ferenti
1012 1021 1080 1084 eius
1113 1021 1159 1085 rei
1189 1025 1346 1089 nonnulle

241 1117 386 1205 exemplo
408 1119 570 1183 afferendo
591 1132 673 1183 sunt.
716 1119 754 1183 In
776 1118 880 1204 ptimo
902 1118 1011 1183 Iliadis
1032 1118 1136 1183 libro:

363 1220 432 1298 „tlte
453 1220 548 1284 daven
569 1220 673 1306 deep.“

363 1331 413 1398 „to
436 1344 510 1406 eonp
526 1320 766 1405 propitiatoty.“

242 1419 354 1485 Tertio
375 1420 408 1484 in
429 1418 534 1484 libro:
589 1495 597 1512 .

365 1522 428 1599 „In
448 1522 519 1584 mitt
541 1525 692 1607 opoqtte.“

240 1621 278 1685 In
301 1619 412 1704 quinto
434 1617 537 1682 libro:

364 1719 463 1798 „Jove
484 1716 675 1782 inviavitw

240 1821 278 1885 In
303 1832 393 1885 sexto
414 1817 514 1882 libro:

363 1922 499 2001 „Hector
519 1921 627 2007 liupef‘

241 2020 386 2108 Septimo
408 2021 441 2084 in
461 2019 563 2084 libro:

364 2170 394 2200 „.
418 2170 426 2185 .
449 2170 457 2187 .
480 2170 489 2186 .
511 2123 576 2186 ond
595 2146 615 2186 a
637 2122 737 2209 eripit
760 2122 818 2187 bele

363 2222 582 2310 Purpureo!
601 2224 668 2287 took
679 2223 768 2308 from
789 2224 876 2310 Ajee
896 2226 930 2287 in
949 2228 1090 2288 return!

239 2320 305 2387 Vbi
328 2318 505 2407 Cowperus
525 2322 604 2385 haee
626 2322 777 2385 adnotat:
799 2323 898 2401 „The
919 2325 1005 2387 nord
1023 2325 1048 2386 I
1063 2326 1137 2387 haee
1158 2323 1244 2387 taken
1261 2322 1346 2387 leone

241 2432 268 2485 to
298 2423 374 2489 eoin.
428 2424 490 2487 tte
517 2424 630 2487 Latine
659 2425 734 2488 Itoee
767 2425 836 2489 hott
868 2425 1049 2488 substantioe
1080 2426 1145 2487 ond
1174 2424 1344 2509 affective:

240 2523 424 2610 Purpura
456 2560 498 2569 -
529 2525 758 2612 Purpureae.
824 2524 876 2590 We
903 2526 988 2589 make
1017 2523 1132 2612 purple
1161 2545 1243 2587 neree
1271 2523 1343 2587 both

239 2647 322 2701 mete
343 2626 395 2689 bot
414 2625 438 2688 it
459 2648 550 2690 eeemo
571 2650 591 2689 a
609 2637 735 2712 povorty
757 2638 784 2690 to
806 2624 903 2688 wltielt
923 2647 967 2689 we
988 2616 1063 2687 dove
1081 2646 1120 2688 eo.
1135 2625 1210 2688 need
1223 2634 1252 2686 to
1267 2625 1342 2687 etth-

240 2725 305 2800 mit,
327 2735 359 2787 at
381 2723 440 2788 leet
459 2725 493 2787 in
509 2729 648 2811 poettyf‘

241 2822 368 2887 Deinde
390 2823 502 2888 eodem
523 2823 556 2887 in
578 2822 678 2913 libros:

364 2969 394 3002 ,‚.
418 2969 426 2988 .
450 2969 458 2986 .
482 2969 489 2986 .
511 2945 587 3008 paee
606 2922 653 2987 tlte
674 2923 758 2986 odino

365 3022 608 3111 Perpotool.“
1068 3076 1071 3083 .

240 3125 286 3190 Et
305 3125 367 3190 hoo
392 3124 521 3209 quidem
542 3121 613 3186 loeo
633 3120 860 3208 proprietatem
881 3119 966 3184 illam
988 3119 1076 3185 hisee
1102 3118 1208 3184 verbis
1230 3120 1342 3184 deien-

241 3225 316 3291 dere
338 3235 489 3289 conatur:
511 3224 600 3302 „wo
620 3224 706 3286 word
731 3223 758 3285 ie
777 3221 846 3285 here
866 3222 941 3285 need
960 3222 994 3284 in
1015 3221 1062 3285 tlte
1082 3219 1181 3284 Latin
1201 3242 1285 3284 oenoe
1305 3221 1346 3306 of

240 3327 273 3389 it.
321 3323 422 3410 Virpil
448 3322 541 3406 (Aen.
572 3321 701 3403 Vm),
733 3321 904 3404 desothinp
929 3320 975 3382 tlte
1000 3321 1224 3398 entertainment
1249 3319 1339 3402 yiven

241 3425 278 3510 oy
298 3425 445 3490 Evander
465 3434 493 3486 to
514 3421 561 3485 tlte
587 3420 728 3506 iiojone,
751 3442 820 3504 tayo
842 3419 961 3483 tietdo
982 3418 1105 3504 neqoled
1124 3418 1202 3481 them

398 3521 567 3608 „Perpetui
589 3532 679 3607 tergo
702 3519 794 3585 bovis
816 3533 848 3584 et
868 3518 1052 3584 lustralibus
1074 3519 1183 3583 exose
1253 3572 1260 3584 .

240 3624 271 3688 It
290 3646 405 3700 meone,
428 3623 474 3688 the
492 3621 618 3686 wltole.“
660 3618 852 3705 Cowpemm
875 3632 979 3683 autem
1003 3618 1131 3682 omnino
1153 3618 1185 3681 in
1208 3641 1267 3682 suo
1289 3621 1341 3685 di-

241 3725 333 3789 oendi
363 3745 480 3810 genere
505 3723 597 3787 valde
624 3745 643 3786 o
668 3722 803 3787 Miltone
829 3723 968 3807 pendere
999 3722 1078 3785 haee
1105 3718 1249 3804 exempla
1281 3720 1339 3783 de·

239 3824 474 3890 monstrabunt.

240 3926 279 3990 In
301 3925 410 3990 iliadis
432 3922 513 3989 libro
536 3922 808 4007 quintodecimo:

364 4071 394 4104 „.
419 4071 426 4088 .
449 4071 457 4086 .
481 4071 489 4087 .
511 4023 576 4087 wilt
596 4021 693 4086 ditior
713 4022 795 4086 hoste
810 4021 968 4108 prepared

371 4126 413 4189 To
435 4134 585 4210 tempett
606 4146 642 4187 ue
663 4124 697 4186 in
717 4123 860 4187 heaven.“
