3175 5025
784 333 803 390 ll

244 534 323 597 sime
345 533 459 596 imitati
481 533 547 595 fore
571 554 663 595 suum
685 531 835 606 fecerant,
858 530 902 593 ita
923 542 959 593 ut
978 528 1072 592 liuius
1087 524 1242 612 poematis
1264 546 1347 587 anno

242 632 481 699 MDCCXXV
506 633 539 695 in
570 631 673 696 lucem
705 631 781 694 editi
820 643 942 694 tantum
969 628 1038 694 Xll
1075 627 1198 712 priores
1226 623 1302 687 libri
1327 646 1346 685 a

240 735 348 819 Popio
372 735 454 819 ipso,
473 736 666 819 posteriores
688 734 728 798 ab
750 735 811 798 illis
824 734 961 809 dnobus,
983 732 1128 796 Fentone
1145 743 1176 792 et
1191 727 1344 792 Broomio

242 836 275 898 in
301 834 444 919 linguam
465 834 634 920 Anglicarn
658 836 800 899 translati
830 834 901 899 sint.
945 833 1067 917 Popins
1095 853 1184 894 snam
1210 827 1344 891 Ilonreri

244 935 425 997 versionem
446 957 562 1020 magna
583 936 823 1000 adnotationum
849 958 946 1017 qnmn
968 934 1008 996 nd
1030 933 1196 997 historiam
1218 942 1282 992 tam
1305 928 1344 990 ad

247 1034 421 1118 elegantiae
443 1045 542 1098 artem
566 1036 774 1120 spectantium
798 1035 890 1119 copia
904 1033 1089 1097 instructam
1107 1028 1347 1114 subscriptionis

243 1134 325 1218 lege,
347 1147 383 1198 ut
403 1135 448 1198 ita
470 1135 591 1211 dicam,
614 1135 722 1198 edidit.
757 1132 851 1213 Quae
874 1156 935 1209 res,
959 1155 1030 1195 rum
1052 1153 1203 1215 magnum
1224 1128 1347 1190 lucrum

245 1234 381 1311 lecisset,
404 1236 584 1299 facultatem
596 1235 625 1298 ci
646 1234 735 1297 dedit
749 1234 855 1296 villam
872 1232 1007 1307 emendi,
1023 1231 1079 1295 ubi
1094 1231 1248 1312 reliquam
1264 1228 1346 1290 vitae

243 1346 367 1419 partem
389 1336 474 1398 curis
496 1356 630 1398 vacuam
652 1345 688 1420 ct,
707 1332 842 1395 otiosam
864 1332 961 1416 degit.
1001 1330 1153 1393 Attamen
1174 1327 1346 1392 concedere

245 1456 369 1516 nequeo
391 1434 507 1518 Popio,
531 1432 618 1514 quod
641 1431 737 1494 dicit:

446 1548 522 1607 „elad
539 1549 626 1598 tharala
644 1558 667 1597 to
683 1549 783 1608 Homer,
802 1548 897 1597 since]
912 1548 960 1597 lire
978 1546 1029 1596 arrd
1045 1547 1128 1606 titire,

447 1631 564 1682 lade-btcd
580 1641 603 1680 to
620 1649 651 1680 tro
668 1632 755 1697 prinae
773 1650 801 1680 or
816 1650 877 1697 pem
894 1632 984 1681 alire.*‘

241 1734 326 1798 Nam
355 1742 505 1814 quaestus
531 1731 583 1795 ille
608 1732 663 1815 qui
688 1754 727 1795 ex
752 1733 838 1796 edito
864 1732 1009 1796 Homero
1038 1729 1289 1805 redundaverat,
1311 1751 1346 1792 re

244 1855 322 1895 vera
343 1830 421 1893 nihil
443 1830 528 1894 aliud
550 1844 618 1894 erat
639 1832 699 1895 nisi
727 1830 882 1895 tributum
910 1831 1072 1913 quoddam
1094 1829 1134 1894 ab
1162 1827 1345 1893 hominibus

245 1930 426 1992 conditione
448 1942 479 1993 et
500 1929 614 2015 opibus
636 1929 822 1995 florentibus
840 1931 956 2015 Popio,
969 1953 1041 1993 eum
1062 1930 1180 2015 optime
1202 1929 1241 1992 de
1262 1929 1347 1993 litte·

245 2028 290 2091 ris
310 2028 458 2113 Anglieis
480 2030 662 2107 memisset,
685 2030 855 2093 redditum.
890 2030 929 2093 In
952 2030 1049 2093 satira
1069 2030 1157 2107 „Tlre
1177 2029 1346 2093 Duaeiad“

244 2138 356 2191 contra
384 2129 586 2193 adversarios
614 2130 732 2215 scripta
758 2129 892 2193 multum
919 2129 1073 2193 acuminis
1099 2141 1129 2192 et
1157 2129 1347 2193 inventionis

243 2229 275 2291 in
298 2252 366 2292 rem
387 2228 479 2291 valde
500 2228 665 2314 indignam
691 2231 840 2314 perdidit.
883 2230 1032 2313 Denique
1053 2251 1093 2293 ex
1114 2229 1175 2306 eis,
1204 2250 1285 2312 quae
1312 2230 1345 2293 in

241 2343 404 2413 postrema
427 2328 491 2390 rita
514 2327 649 2412 scripsit,
664 2328 750 2391 hand
772 2330 887 2413 exigna
907 2329 977 2392 lans
999 2328 1168 2392 trilmenda
1194 2342 1241 2390 est
1262 2327 1344 2392 libro

243 2430 367 2513 „Essap
388 2452 427 2492 oa
448 2429 549 2491 araur
570 2428 739 2515 inscripto,
768 2429 886 2515 quippe
907 2429 939 2491 in
962 2451 1025 2512 qno
1049 2450 1115 2491 rem
1143 2427 1345 2512 amplissimis

244 2529 361 2591 finibus
384 2529 655 2615 circumscriptam
677 2530 852 2615 prudenter
872 2529 1048 2593 coercuerit
1074 2553 1133 2592 nec
1159 2530 1225 2591 sine
1253 2550 1346 2612 prae·

245 2628 330 2691 clara
352 2628 524 2713 elegantiae
547 2630 688 2714 poeticae
709 2629 813 2692 laude.
855 2629 1018 2714 Epistolas
1033 2629 1128 2713 Popii
1149 2628 1241 2691 valde
1263 2627 1345 2690 dilu-

245 2726 315 2788 cide
337 2738 369 2788 et
389 2729 553 2793 emendate
574 2729 770 2812 conscriptas
800 2728 883 2791 inter
908 2727 1027 2812 optima
1048 2728 1143 2792 huius
1163 2728 1290 2813 generis
1311 2727 1344 2790 in

245 2825 358 2888 litteris
379 2826 525 2911 Arrglieis
548 2828 691 2914 exempla
714 2828 895 2892 referendas
917 2849 986 2890 esse
1008 2850 1130 2892 censeo·
1172 2827 1212 2891 In
1232 2827 1345 2891 litteris

246 2926 287 2987 ad
310 2925 427 2989 amiras
449 2927 596 2992 mulieres
623 2929 749 3014 seriptis
778 2928 935 3013 elegantia
962 2939 991 2990 et
1014 2940 1163 2991 venustas
1189 2927 1345 3010 quaedam

244 3025 372 3088 Franco
387 3063 402 3075 -
419 3023 542 3090 Gallica
562 3027 644 3091 inest
664 3050 767 3110 neque
792 3049 869 3090 vero
892 3025 1017 3111 semper
1037 3028 1228 3111 importuna.
1270 3025 1347 3089 Vita

245 3124 380 3188 excessit
408 3147 490 3188 anno
517 3123 768 3210 MDOOXLIV
795 3125 829 3188 in
855 3125 930 3188 villa
957 3147 1015 3188 sua
1035 3126 1068 3188 in
1089 3124 1235 3189 litoribus
1257 3125 1345 3188 'lha-

247 3224 331 3288 misii
354 3224 424 3287 sita.
449 3221 594 3309 Corpore
614 3238 683 3289 erat
698 3224 794 3288 debili
816 3237 848 3288 et
868 3224 952 3288 mala
970 3224 1150 3289 valetudine
1173 3247 1266 3310 saepe
1281 3217 1346 3308 'op-

244 3347 375 3411 pressus
397 3336 453 3392 cst.
496 3323 624 3388 Floruit
648 3324 771 3410 Popius
804 3324 932 3410 reginae
964 3324 1079 3389 alariae
1111 3338 1226 3401 aetate,
1249 3347 1345 3407 quam

244 3424 456 3508 perlongum
478 3436 602 3508 tempus
633 3424 694 3488 viri
720 3425 806 3489 docti
833 3426 900 3488 sine
925 3424 994 3489 iure
1022 3448 1152 3489 auream
1169 3426 1346 3489 litterarum

245 3524 457 3608 Anglicarum
479 3522 646 3587 vocabant.
691 3522 789 3604 Quod
815 3526 889 3590 lruie
916 3526 1010 3590 aetati
1037 3526 1196 3610 singulare
1218 3548 1255 3590 ae
1269 3548 1346 3610 pro-

246 3622 354 3707 prium
377 3623 418 3686 sit
432 3623 556 3707 ‘optime
579 3624 719 3687 cernitur
739 3625 771 3687 in
786 3625 890 3709 Popio
913 3636 1009 3709 poeta
1029 3637 1060 3688 et
1081 3624 1248 3688 Addisone
1269 3647 1345 3710 pro·

247 3743 301 3784 sae
323 3722 475 3786 orationis
498 3723 667 3807 scriptore,
695 3734 830 3806 uterque
858 3724 942 3787 enim
969 3725 1104 3787 tirrniam
1127 3724 1228 3810 magis
1249 3747 1346 3807 quarn

246 3842 316 3884 rem
338 3830 468 3903 spectat,
491 3821 575 3905 apud
595 3833 765 3903 utrumque
779 3822 890 3906 politio
910 3822 1066 3904 (quaedam
1081 3835 1210 3886 externa
1230 3835 1262 3886 et
1283 3823 1346 3887 ele-

245 3917 357 4005 gantia
377 3917 667 3997 Franco-Gallica,
689 3941 771 4002 quae
793 3920 835 3982 ad
856 3919 1012 3983 Boileauii
1032 3920 1233 4005 potissimum
1254 3946 1350 4008 prae·¹

247 4028 340 4102 cepta
361 4017 559 4081 conformata
579 4031 637 4096 est,
660 4018 826 4103 reperitur.
870 4017 1064 4103 Spaldingus
1091 4019 1151 4083 hae
1179 4020 1218 4085 de
1244 4032 1345 4086 aetate

247 4118 407 4181 disserens
436 4115 482 4181 sio
506 4115 640 4182 iudicat:
668 4117 865 4204 „Srcbjectiap
888 4116 1057 4182 tlwmseloes
1081 4119 1229 4206 maliolly
1249 4132 1277 4187 to
1299 4122 1346 4187 tlte
