3175 5025
750 397 757 402 ι
783 311 803 372 s

242 507 395 571 renemedl
446 506 497 571 We
517 520 598 572 auant
619 510 665 573 tlte
686 509 887 583 tairaaaloum
913 509 960 574 tlte
978 510 1083 593 bcaatp
1104 509 1201 572 altiob
1221 531 1265 573 wc
1287 533 1346 572 can

240 607 448 693 taoatasactare
469 619 500 672 at
520 631 559 672 ao
581 608 650 672 mitt
669 649 711 659 —
733 633 789 672 aaa
810 610 878 693 piae
898 632 937 672 aa
960 620 1084 672 account
1105 609 1154 693 of3
1175 608 1222 672 tlte
1237 610 1345 695 dcczuty

241 706 278 787 of
293 705 391 770 colried
417 706 552 771 Cbaaca·
573 710 636 771 aad
661 707 851 795 Cltapman
875 708 937 771 tcta
958 708 1004 773 tte
1025 709 1154 773 secretd‘

322 804 426 870 Venio
438 829 522 871 nunc
533 807 574 871 ad
586 811 773 873 Alexandrum
786 812 1002 890 loplun,anno
1014 805 1345 872 MDCLXXXVIH

146 896 149 901 ’
239 903 382 967 Londini
403 917 522 969 natum.
558 904 659 971 Cuius
682 930 754 972 oum
776 906 921 971 educatio
945 906 1050 970 multis
1073 905 1169 969 rebus
1191 906 1339 971 adversis

240 1002 458 1088 impediretur,
479 1005 599 1091 ingenii
620 1007 748 1070 demum
769 1006 803 1070 vi
824 1019 855 1070 ct
876 1028 939 1090 quo
955 1006 1111 1093 flagrabat
1126 1006 1269 1069 discendi
1285 1007 1345 1070 de·

242 1105 358 1170 siderio
380 1107 584 1186 factumest,
611 1120 645 1172 ut
671 1110 849 1172 litterarum
877 1108 1007 1172 seientia
1035 1108 1111 1172 satis
1132 1107 1343 1177 imbueretur.

240 1204 487 1272 Vniversitatem
508 1209 606 1273 ullam
626 1210 803 1274 litterarum
824 1209 912 1273 adire
930 1209 960 1272 ei
980 1230 1045 1272 non
1060 1229 1247 1272 conoessum
1268 1208 1345 1286 fuit,

242 1329 315 1371 cum
335 1307 430 1372 fidem
452 1310 638 1374 catholicam
659 1311 870 1396 profiteretur.
913 1309 966 1374 De
993 1308 1105 1394 primis
1134 1307 1202 1372 ei'us
1224 1308 1346 1372 carmi·

242 1406 337 1473 nibus
359 1408 501 1475 iudicare
522 1412 756 1496 praetermitto,
779 1433 852 1474 eum
874 1410 1030 1495 elegantia
1050 1408 1175 1495 poetica
1195 1408 1228 1472 in
1261 1410 1346 1473 „Ea-

241 1534 295 1595 say
310 1533 349 1575 oa
365 1508 536 1576 antuniana
557 1513 686 1577 demum
707 1525 868 1598 appareat.
903 1510 977 1592 Qua
996 1511 1030 1575 in
1045 1535 1079 1575 re
1094 1511 1126 1573 id
1141 1509 1346 1596 potissimum

242 1610 406 1689 miramur,
429 1612 517 1695 quod
538 1612 599 1677 hoe
620 1635 763 1690 carmen,
785 1635 850 1696 quo
872 1625 1023 1695 quantam
1044 1611 1108 1675 iam
1130 1611 1171 1673 ad
1193 1608 1292 1672 animi
1315 1622 1348 1674 et

240 1709 351 1773 iudicii
372 1710 585 1775 maturitatem
606 1711 797 1798 pervenerit,
813 1712 930 1797 optimc
944 1710 1145 1796 perspicitur,
1162 1730 1245 1772 anno
1257 1707 1347 1771 vitae

241 1808 476 1873 undevicesimo
497 1810 581 1874 lecit.
624 1809 691 1875 Sed
715 1812 867 1875 maiorem
893 1810 988 1873 etiarm
1011 1808 1162 1873 virtutem
1182 1806 1345 1891 poeticam

241 1908 349 1993 prodit
372 1930 500 1972 carmen
520 1909 607 1987 „Tlte
627 1912 717 1997 Rape
738 1911 774 1994 of
790 1912 838 1976 tlte
858 1910 964 1974 Loalc“
989 1908 1191 1993 inscriptum,
1214 1906 1254 1969 de
1277 1928 1344 1989 quo

242 2006 285 2074 G.
308 2006 502 2094 Spaldingus
521 2008 555 2072 in
576 2009 709 2074 historia
723 2032 820 2094 quam
835 2009 1023 2095 conscripsit
1038 2008 1215 2071 litterarum
1227 2004 1346 2090 Angli-

243 2131 352 2172 earum
374 2108 436 2173 hoe
456 2108 590 2172 iudicat:
612 2111 664 2188 ,Ie
685 2111 712 2173 is
734 2110 780 2175 tlte
802 2112 862 2174 dest
883 2110 921 2195 of
943 2109 989 2173 att
1007 2107 1208 2172 enceladum-oia
1223 2128 1346 2191 poenas,

242 2210 307 2272 aad
326 2208 554 2296 incomparably
575 2210 690 2294 beyond
712 2211 792 2275 those
823 2212 861 2297 of
887 2211 1016 2273 Taseoni
1042 2210 1105 2271 aad
1129 2206 1279 2281 Balaam,
1308 2207 1348 2269 its

241 2307 359 2371 Italian
380 2310 444 2372 aad
462 2308 581 2372 Frcacd
602 2308 725 2373 modale.
767 2310 830 2373 'tae
850 2309 988 2394 sdatpest
1008 2309 1069 2385 mit,
1091 2308 1137 2371 tlte
1149 2307 1265 2372 decucat
1278 2306 1348 2368 'clia-

241 2410 350 2473 scetion
372 2409 409 2490 af
425 2409 472 2473 tlte
484 2408 591 2493 fellica
612 2408 854 2493 ‹ffsasla'onablc
876 2407 937 2492 life,
960 2408 1007 2471 tlte
1019 2409 1114 2495 ,placat
1125 2428 1215 2491 araca
1231 2404 1267 2489 of
1277 2406 1345 2467 dic-

242 2507 319 2584 tc'on,
346 2511 409 2572 and
435 2507 481 2571 tlte
505 2507 608 2593 sastcst
630 2506 705 2594 flato
726 2508 763 2593 os
784 2507 916 2592 atzelody,
949 2531 1029 2572 corae
1057 2503 1285 2593 appropriatalp
1315 2515 1345 2568 to

241 2608 340 2670 adata
362 2631 381 2670 a
402 2607 461 2671 tale
482 2608 515 2670 ia
536 2607 633 2670 columb
660 2629 702 2671 uve
728 2607 813 2671 deora
835 2609 900 2671 bow
921 2610 1019 2695 astae
1037 2606 1207 2691 acatlcncaa
1228 2603 1301 2667 stole
1324 2629 1346 2668 a

243 2706 307 2770 loct
327 2706 364 2791 os
381 2731 401 2770 a
423 2707 517 2791 lady’s
545 2706 625 2769 daia.
667 2708 743 2770 Aac
770 2707 817 2771 tte
841 2731 901 2791 pap
925 2707 1061 2790 anoclcap
1088 2706 1125 2788 (ff
1147 2704 1262 2767 lacman
1294 2702 1349 2788 life

242 2808 306 2870 aad
332 2807 430 2870 action
462 2808 489 2869 a's
516 2806 708 2882 intermeant,
736 2807 770 2870 ia
798 2807 845 2870 tlte
862 2808 1012 2891 semustae
1027 2805 1137 2888 secabo
1162 2803 1199 2888 os
1220 2802 1267 2865 tbc
1296 2803 1349 2866 be-

240 2909 369 2990 alanaat
389 2905 493 2992 sylpbs
514 2908 577 2969 aad
596 2906 791 2991 malevolentp
806 2929 918 2980 stannes,
940 2905 1011 2968 coitb
1033 2929 1053 2967 a
1063 2905 1194 2990 parodp,
1217 2913 1268 2965 aot
1285 2902 1345 2966 less

236 3005 389 3093 pleasant,
412 3005 449 3090 os
465 3005 511 3069 tlte
532 3005 747 3092 supernataret
767 3006 937 3068 inventione
949 3006 986 3088 ay
1000 3003 1097 3067 attat
1111 3004 1226 3065 sardoas
1235 3013 1346 3086 poatrp

243 3105 299 3170 lias
332 3107 403 3170 been
432 3115 511 3169 coarat
543 3116 571 3168 to
603 3116 724 3191 attempt
756 3105 804 3168 tlte
839 3103 984 3187 claaatinp
1021 3103 1058 3188 os
1080 3101 1186 3185 reality
1216 3103 1279 3164 iata
1302 3101 1351 3164 tlte

242 3205 349 3292 spltc'ra
371 3204 407 3289 os
428 3204 474 3268 tlte
500 3202 612 3268 ideal.“
653 3203 772 3268 Aerior
801 3203 897 3267 animi
925 3203 1022 3266 ardor
1047 3224 1145 3284 quam
1169 3201 1203 3263 in
1232 3200 1349 3264 <eteris

244 3304 312 3368 eius
333 3303 484 3390 operibus
507 3303 607 3368 elucet
628 3302 660 3365 in
683 3302 810 3366 (luobus
832 3302 901 3365 aliis
916 3300 1121 3378 carminibus,
1144 3321 1283 3383 quorum
1299 3297 1348 3362 al-

244 3417 347 3469 terum
367 3401 572 3468 inscribitur:
600 3401 743 3488 „Epistlc
765 3401 802 3486 of
815 3402 928 3465 Eloisa
949 3412 976 3465 to
997 3400 1175 3476 Adclard,“
1196 3397 1351 3462 alterum:

244 3504 363 3590 „Elepy
385 3527 424 3568 aa
447 3527 488 3567 aa
508 3503 707 3588 Uafoatunatc
720 3501 845 3586 Ladp.“
870 3499 1069 3565 Sublimibus
1082 3510 1187 3562 cautem
1202 3508 1233 3560 et
1247 3519 1350 3582 gran-

244 3603 339 3667 dibus
361 3601 524 3667 sententiis
545 3602 697 3666 refertum
716 3614 764 3664 est
776 3600 854 3663 illud
870 3600 959 3677 ,Tae
972 3600 1131 3663 attestata
1144 3595 1350 3681 inscriptum,

218 3720 221 3724 '
243 3724 370 3768 carmen
394 3724 520 3767 omnem
540 3701 575 3764 in
595 3712 719 3786 partem
733 3699 970 3764 accuratissime
985 3698 1191 3762 elaboratum.
1218 3696 1347 3781 Papius

242 3804 307 3867 iam
329 3812 422 3866 autea
442 3802 476 3865 in
496 3801 657 3866 vertendis
680 3799 842 3864 veteribus
856 3799 959 3884 poetis
974 3809 1129 3874 versatus,
1145 3797 1353 3864 hortantibus

244 3900 355 3965 amieis
377 3923 460 3965 anno
475 3898 679 3965 MDCCXII
699 3899 836 3964 Homeri
856 3898 990 3964 Iliadem
1012 3908 1196 3961 convertere
1217 3895 1356 3982 incepit.

158 4021 166 4040 ·-
244 4000 427 4086 Odysseam
449 4011 555 4064 autem
573 4021 639 4063 non
661 3998 747 4063 solus
769 3996 946 4072 transtulit,
969 3995 1025 4059 sed
1045 4018 1198 4060 unacum
1219 3995 1353 4062 duobus

244 4101 313 4167 aliis
335 4099 424 4179 viris,
447 4100 503 4186 qui
523 4100 592 4167 eius
614 4121 736 4165 morem
757 4109 789 4164 et
810 4096 972 4164 scribendi
993 4097 1149 4162 rationem
1170 4095 1356 4181 diligentis·
