3175 5025
783 359 882 456 -..ll

285 553 497 641 Exspectabis
513 558 658 623 hocloco
672 558 779 645 potius
794 560 1038 647 appellationem
1050 560 1220 628 Graecam.
1241 562 1395 630 Milton

284 655 317 721 in
343 658 518 723 „Paradise
542 658 648 725 Lost“
670 660 717 744 (l,
741 660 819 741 7:18)
847 662 958 726 eadem
987 663 1195 748 appellatione
1223 687 1303 729 usus
1332 678 1397 741 est,

286 757 373 840 quod
395 757 464 821 iure
487 781 544 823 suo
566 758 726 846 vituperat
746 759 946 826 Ricardus
968 762 1180 828 Bentlcius.

811 899 866 945 103.

753 983 913 1058 ἀργειφόντιρ.

286 1077 463 1158 θΙιοριαιιιι
484 1075 567 1140 hanc
587 1073 742 1140 Mercurii
765 1078 1025 1163 appellationem,
1047 1079 1226 1166 analogiam
1248 1082 1398 1149 vocabu-

285 1176 390 1241 lorum
405 1179 613 1263 „porricide‚“
627 1179 838 1257 „aarum
851 1178 1053 1258 „leomicide,“
1066 1181 1286 1266 »οἰοβααιιοολῖίί
1301 1206 1398 1270 spec-

290 1287 373 1355 tans,
394 1277 574 1343 felicissime
595 1300 654 1364 per

768 1379 904 1445 'Arpicides

292 1445 457 1531 expressit.

772 1531 911 1577 136-138.

486 1623 511 1675 αἱ
528 1621 554 1674 δέ
571 1640 619 1674 πον
637 1619 756 1695 ἡμέτεραί
772 1624 795 1672 τ’
814 1619 902 1692 ἄλοχοι
919 1621 962 1673 καὶ
979 1622 1054 1693 νρπια
1071 1622 1146 1675 τέκνα

487 1713 548 1766 ιῖατ’
567 1712 602 1764 ἐνὶ
619 1712 734 1782 percipere
750 1710 932 1781 ποτιδέγμεναι·
952 1711 1015 1782 ἄμμι
1032 1712 1059 1765 δὲ
1076 1713 1148 1785 ἔργον

490 1803 579 1865 αὔτως
596 1805 741 1875 ἀκράαντον,
761 1802 790 1856 οὔ
809 1803 890 1855 εἵνεκα
908 1803 973 1875 δεῦρ’
991 1802 1124 1875 ἱκόμεσθα.

290 1902 411 1983 ΡορΙιιε

491 1998 542 2049 Our
559 1998 668 2064 wcepiny
685 1998 768 2059 wirce,
787 2016 832 2047 our
848 1997 931 2048 temler
948 1997 1056 2047 children
1074 1998 1138 2047 call:

488 2083 566 2144 Loro,
584 2083 649 2150 duty,
666 2084 756 2150 casem,
774 2102 880 2133 οαοιοιοο
898 2102 925 2134 ue
944 2101 1026 2148 away,

490 2168 528 2218 ’Τ
541 2168 562 2217 ia
579 2168 688 2217 nature's
706 2167 772 2216 coice
791 2167 843 2216 and
858 2177 944 2217 nutrire
962 2184 998 2215 we
1016 2169 1081 2233 olley.

290 2249 336 2314 Hi
357 2273 469 2314 versus
491 2250 578 2315 nullo
606 2251 703 2315 modo
724 2251 890 2316 Homerici
922 2252 1032 2315 vocari
1060 2250 1187 2328 debent,
1214 2274 1291 2316 nam
1313 2246 1401 2335 quac

290 2350 413 2439 Popius
436 2351 596 2415 cumulare
618 2352 698 2417 solet
718 2351 857 2415 notionis
879 2351 962 2415 illius
990 2351 1129 2417 incertae
1155 2350 1255 2416 verba
1275 2351 1339 2429 vel,
1362 2363 1402 2417 ut

291 2474 363 2517 cum
384 2451 582 2538 philosophis
604 2451 719 2528 dicam,
742 2449 912 2528 abstracta,
931 2462 967 2515 ut
980 2451 1098 2531 „love‚“
1113 2454 1236 2538 ,μαιμᾷι
1258 2452 1402 2540 „sasety“

289 2575 423 2639 prorsus
444 2548 589 2638 pugnant
610 2563 721 2616 contra
741 2573 865 2616 morem
893 2563 924 2615 et
952 2552 1114 2637 cogitandi
1143 2552 1300 2616 rationem
1323 2552 1401 2618 Ho-

291 2652 380 2716 meri.
423 2651 462 2715 In
483 2650 577 2716 tertio
599 2662 704 2715 autern
726 2673 823 2715 versu
846 2651 934 2716 color
956 2652 1092 2736 ,quidam
1113 2651 1401 2739 epigrammaticus

290 2751 395 2838 Popio
417 2751 557 2835 alioquin
580 2773 707 2835 quoque
729 2751 895 2814 adamatus
918 2751 1065 2815 cernitur.

774 2891 915 2936 209-210.

492 2975 530 3035 ὡς
547 2972 592 3031 ὅτε
609 2979 677 3045 κῦμα
694 2974 887 3045 πολυφλοίσβοιο
905 2972 1037 3046 θαλάσσης

492 3063 596 3137 αἰθιαλῷ
616 3066 715 3138 μεγάλῳ
735 3067 861 3139 βρέμεται,
880 3073 998 3137 σμαραγεῖ
1015 3065 1040 3118 et
1058 3083 1085 3117 τε
1101 3062 1201 3120 πόντος.

293 3159 487 3248 Simplicitas
519 3182 556 3225 ac
587 3159 636 3225 vis
669 3160 764 3226 huius
797 3158 945 3246 imaginis
979 3158 1181 3223 desideratur
1212 3154 1244 3219 in
1278 3155 1401 3224 diffusa

293 3266 374 3348 ripn
398 3260 632 3348 descriptione:

786 3361 824 3411 Ac
841 3361 908 3411 rulers
927 3360 971 3412 old
988 3361 1070 3411 Oceau
1088 3377 1161 3409 roars

493 3445 552 3497 And
567 3445 657 3495 leaves
674 3444 734 3510 lupe
751 3463 835 3511 miryca
853 3456 877 3495 to
894 3446 932 3494 tle
949 3444 1073 3509 tremblr'np
1090 3443 1187 3493 shores:

500 3530 551 3580 'lte
565 3527 686 3595 ρνοοοίορ
704 3529 780 3579 bools
799 3548 843 3579 are
862 3531 927 3579 burst
944 3528 1001 3578 wlrt
1019 3526 1144 3591 bellowt'ap
1161 3523 1246 3589 round,

497 3613 548 3665 lle
565 3613 637 3663 rocl's
654 3631 795 3683 rcmurmur,
815 3612 866 3662 and
882 3613 919 3662 tlte
937 3611 1012 3677 ἄειρε
1030 3608 1143 3660 rebound.

495 3699 530 3749 At
547 3698 625 3764 Ienytls
643 3699 681 3748 rte
699 3698 781 3747 tumult
798 3697 874 3756 aiala,
892 3697 929 3746 tlte
947 3696 1026 3746 noiaes
1044 3712 1124 3753 cenae,

494 3782 553 3833 Aac
569 3799 586 3831 a
602 3782 653 3832 still
668 3781 760 3833 silence
777 3781 833 3832 lulla
850 3781 888 3831 tle
905 3799 976 3845 canrp
995 3789 1018 3829 to
1034 3795 1120 3844 peace.

296 3870 449 3934 Attamen
473 3865 584 3952 negari
605 3864 691 3928 nullo
713 3864 810 3929 modo
825 3873 931 3950 potest
958 3872 1109 3924 venustos
1123 3859 1184 3924 hos
1199 3881 1314 3925 versus
1329 3884 1405 3929 esse

297 3984 327 4033 ct
349 3968 394 4032 ita
415 3977 625 4052 comparatos,
647 3975 683 4030 ut
704 3986 829 4030 summo
851 3974 946 4050 pocta
967 3960 1056 4047 digni
1077 3960 1185 4025 vocari
1206 3959 1343 4045 possint.

379 4072 530 4150 louperus
557 4064 670 4129 maiori
697 4063 896 4150 simplicitate
925 4072 956 4125 ct
982 4059 1089 4125 verbis
1112 4058 1248 4125 Graccis
1270 4080 1405 4128 accom-

298 4166 471 4232 modarius:
